3968 5848
910 331 944 379 61

899 544 953 607 68.

208 687 330 767 Biskup
367 688 485 751 Tobids'
512 688 662 770 nah'zuje
691 686 933 750 duchovenstvu
963 687 1230 769 ncy'rrzenovane'lw
1254 685 1426 759 dekandtu,
1458 685 1520 766 aby
1537 686 1653 768 platili

207 797 260 857 bea
290 795 413 876 odporu
443 815 488 857 na
517 793 696 876 prokuraci
722 793 922 877 papea'skllzo
953 794 1063 874 lega'ta
1094 789 1207 874 (Jana
1239 793 1375 876 biskupo
1413 791 1651 876 Tusculskdlzo).

1282 934 1387 1014 (1288
1407 935 1544 1010 br'esenl.

260 1079 450 1158 Episcopus
475 1077 614 1140 mandat
638 1078 799 1157 plebanis,
823 1088 860 1140 ut
883 1079 1013 1142 decano
1038 1099 1099 1142 suo
1124 1049 1301 1142 obedifent
1325 1081 1358 1141 in
1383 1079 1603 1159 impositione

798 1187 1070 1250 contribucionis.

313 1325 512 1410 Tb(0bias)¹
535 1328 588 1390 dei
613 1329 724 1411 gracia
748 1336 811 1391 etc.
829 1329 990 1391 universis
1005 1327 1159 1409 plebanis
1182 1339 1216 1390 et
1232 1327 1455 1406 viceplebanis
1470 1329 1654 1390 decanatus

209 1437 337 1500 talis..
362 1435 506 1499 salutem
530 1436 561 1497 in
587 1435 735 1497 domino.
772 1433 865 1498 Scire
890 1436 1028 1511 debetis,
1053 1434 1145 1516 quod
1169 1453 1232 1496 nos
1257 1435 1399 1496 honesto
1425 1436 1492 1496 viro
1516 1435 1654 1497 domino

210 1545 240 1606 P.
266 1546 397 1606 decano
429 1555 540 1605 vestro
564 1543 685 1606 damus
715 1543 852 1604 firmiter
876 1543 907 1604 in
931 1545 1107 1623 preceptis,
1142 1557 1177 1604 ut
1201 1544 1272 1622 ipse
1303 1540 1485 1622 quemlibet
1508 1551 1654 1604 vestrum

210 1651 251 1714 ad
275 1651 473 1713 solvendam
509 1650 797 1712 contribucionem
822 1668 880 1725 per
904 1651 1015 1729 ipsum
1039 1650 1103 1711 sibi
1127 1648 1316 1728 impositam
1342 1667 1387 1710 ex
1411 1667 1513 1711 causa
1538 1667 1654 1730 procu·

210 1759 380 1820 racionum
417 1757 518 1840 legati
553 1755 642 1819 sedis
677 1755 864 1834 apostolice
900 1775 958 1836 per
993 1756 1158 1818 interdicti
1193 1765 1227 1817 et
1261 1755 1591 1817 excomunicacionis
1621 1764 1654 1815 et

209 1867 438 1947 suspensionis
462 1865 650 1926 sentencias
674 1864 875 1942 compellere
900 1882 966 1924 non
984 1865 1147 1940 obmittat,
1172 1865 1327 1924 invocato
1351 1863 1395 1924 ad
1421 1862 1495 1938 hoc,
1518 1863 1545 1923 si
1568 1879 1654 1939 opus

211 1972 315 2047 luerit,
340 1973 469 2034 auxilio
494 1971 619 2032 brachii
644 1971 812 2032 secularis.
853 1968 1030 2032 Obediatis
1062 1970 1172 2032 eidem
1204 1969 1302 2050 igitur
1333 1970 1463 2032 decano
1487 1979 1596 2031 vestro
1621 1969 1655 2030 in

212 2082 366 2143 omnibus
391 2091 424 2141 et
448 2081 606 2158 precipue
631 2081 663 2140 in
689 2077 753 2139 hoc
770 2076 858 2140 lacto
883 2077 1057 2154 humiliter,
1081 2086 1117 2139 ut
1132 2078 1273 2154 debetis,
1297 2078 1383 2157 quia,
1408 2075 1567 2158 quicquid
1584 2077 1655 2154 ipse

211 2195 326 2250 contra
350 2187 583 2248 inobedientes
614 2185 730 2247 fecerit
755 2195 788 2246 et
812 2184 961 2259 rebelles,
995 2185 1058 2248 boc
1083 2178 1207 2246 ratumb
1232 2183 1356 2246 habere
1379 2185 1530 2244 volumus
1555 2192 1655 2261 atque

210 2305 351 2377 gratum.
378 2293 487 2356 Nichil
512 2295 599 2355 enim
624 2293 824 2356 obediencia
848 2293 1009 2370 prodesse
1026 2291 1192 2353 videretur
1216 2289 1407 2364 humilibus,
1431 2290 1458 2352 si
1482 2299 1655 2367 contemp·

210 2407 277 2464 tusc
301 2401 557 2464 contumacibus
581 2419 649 2462 non
674 2401 820 2462 obesset.
846 2399 971 2462 Datum
995 2409 1056 2462 etc.

319 2538 380 2593 Fol.
401 2544 433 2594 11
454 2539 477 2593 ὅ.
498 2543 540 2603 68,
560 2539 605 2594 tel
626 2555 643 2591 v
663 2539 799 2607 rukopise
814 2539 944 2607 kapituly
959 2537 1081 2592 Pralske
1099 2539 1114 2607 J
1133 2535 1180 2592 40¹⁵
1201 2535 1248 2590 lol.
1263 2539 1324 2590 248.
1343 2533 1516 2589 Srovndnim
1536 2549 1550 2586 s
1570 2533 1655 2601 pled-

212 2629 389 2700 chazejicimi
418 2632 492 2698 kusy
511 2629 627 2694 vidlme,
648 2629 708 2681 dei
735 2635 817 2681 tento
842 2630 948 2681 rozkaz
968 2627 1042 2695 palli
1068 2627 1107 2680 do
1133 2643 1154 2679 r.
1182 2628 1260 2679 1288.
1287 2624 1369 2678 Srov.
1397 2639 1480 2690 pozn.
1502 2623 1544 2691 pii
1573 2623 1596 2676 d.
1623 2627 1657 2675 63

212 2735 228 2771 a
250 2719 292 2786 pli
311 2718 336 2771 d.
357 2725 400 2774 74.

908 2899 960 2961 69.

218 3044 351 3108 Oldn'ch
373 3044 507 3123 probast,
531 3024 641 3104 Rebar*
661 3041 766 3103 datan
790 3062 811 3102 a
834 3041 903 3104 cela'
926 3039 1071 3120 kapitula
1095 3037 1243 3100 Praa'slaa'
1266 3038 1460 3119 prohlas'ujz',
1483 3042 1520 3099 ἐι
1542 3035 1657 3118 bz'skup

451 3149 568 3212 Toln'a's¹
589 3149 734 3229 vylrla'sz'l
753 3147 863 3210 klatbu
886 3148 957 3210 nod
977 3145 1255 3229 nesinenovanymi
1276 3145 1425 3208 osobamz.

1275 3288 1364 3351 1288
1384 3287 1495 3350 br'ezen
1521 3285 1548 3350 7.

259 3438 460 3517 Prepositus,
476 3436 624 3497 decanus
648 3446 682 3496 et
699 3434 879 3514 capitulum
895 3441 1121 3512 protestantur
1145 3451 1218 3494 esse
1235 3423 1605 3494 excomunicacionem‘l

677 3541 880 3621 publicatam
904 3559 964 3620 per
988 3542 1195 3620 episcopum.

322 3689 395 3750 Nos
431 3681 605 3768 Wl(ricus)
641 3685 837 3765 prepositus,
873 3685 1028 3766 magister
1060 3680 1268 3763 Glregorius)
1300 3680 1448 3743 decanus
1483 3689 1658 3759 totumque

215 3795 389 3878 Pragensis
420 3793 560 3855 ecclesie
592 3793 775 3872 capitulum
807 3793 971 3870 presentis
1003 3791 1115 3868 scripti
1147 3789 1338 3850 testimonio
1371 3797 1594 3866 protestamur
1626 3797 1659 3850 et

216 3903 377 3965 universis
412 3899 565 3962 volumus
597 3919 671 3962 esse
702 3909 828 3974 notum,
861 3899 953 3979 quod
985 3896 1187 3958 reverendus
1212 3897 1244 3957 in
1269 3892 1401 3956 Christo
1427 3903 1659 3974 paternoster

217 4019 249 4072 et
283 4011 441 4072 dominus
476 4000 669 4089 Th(0bias)⁸
708 4007 762 4067 dei
810 4007 921 4087 gracia
959 4003 1131 4086 Pragensis
1175 4003 1354 4084 episcopus
1398 4021 1487 4063 anno
1531 4001 1658 4063 domini

217 4108 587 4180 MCchxxvlllsin
604 4114 781 4189 dominica,
805 4131 871 4193 qua
889 4121 1043 4172 cantatur
1059 4110 1211 4186 ,Letare‘‚
1237 4109 1442 4188 subscriptas
1467 4109 1660 4170 excomuni-

218 4225 390 4286 cacionum
415 4221 604 4283 sentencias
628 4221 712 4282 hora
727 4221 833 4282 tercia
857 4221 890 4280 in
914 4219 1060 4297 capitulo
1084 4230 1200 4280 nostro
1217 4219 1316 4279 nobis
1340 4227 1372 4278 et
1396 4216 1466 4277 aliis
1490 4215 1659 4276 canonicis

218 4332 339 4393 nostris
363 4329 576 4410 presentibus
612 4327 772 4407 publicari
796 4325 874 4388 lecit
897 4325 1124 4405 sollempniter
1149 4345 1207 4402 per
1231 4323 1424 4404 magistrum
1450 4317 1662 4402 R(apotam)g

218 4441 375 4501 nuncium
399 4436 442 4499 ad
467 4437 531 4499 hoc
549 4437 736 4516 specialiter
754 4434 951 4513 deputatum
968 4443 1001 4494 et
1017 4453 1095 4495 suas
1112 4441 1266 4510 patentes
1290 4432 1417 4492 litteras
1441 4448 1502 4492 suo
1527 4429 1657 4508 episco-

219 4545 281 4624 pali
304 4544 414 4628 sigillo
438 4545 591 4620 munitas,
615 4562 756 4624 quarum
779 4552 875 4604 tenor
900 4541 943 4603 de
966 4543 1069 4602 verbo
1094 4540 1137 4602 ad
1161 4539 1300 4601 verbum
1323 4537 1399 4600 talis
1423 4547 1481 4600 est.

325 4683 384 4737 Fol.
406 4687 438 4735 11
458 4681 482 4735 ὀ.
502 4684 546 4744 69,
565 4680 613 4735 tel
632 4697 651 4733 v
670 4680 810 4748 rukopise
830 4679 959 4750 kapituly
978 4679 1101 4732 Pralske
1118 4679 1132 4746 J
1153 4676 1200 4730 40b
1218 4677 1265 4730 fol.
1286 4678 1354 4730 2⁴8¹.
1387 4675 1491 4729 Klatba
1510 4681 1571 4727 tato
1591 4675 1660 4742 tylia

174 4793 176 4798 ¹
219 4789 250 4826 se
268 4771 521 4842 pravdepodobne
545 4771 695 4839 neplaceni
722 4786 759 4824 na
777 4771 933 4837 prokuraci
958 4769 1051 4839 legata
1070 4768 1149 4838 Jana.
1181 4766 1264 4822 Srov.
1285 4767 1358 4836 kusy
1377 4765 1523 4818 sousedni,
1554 4763 1660 4816 Datum

219 4863 321 4918 toboto
341 4863 408 4915 listu
427 4861 579 4929 potvrzuje
596 4861 642 4914 tel
661 4859 887 4928 chronologicke
906 4857 1008 4912 urdem'
1026 4856 1171 4910 ostatnich
1191 4851 1258 4909 listb
1277 4872 1296 4908 v
1314 4858 1376 4909 teto
1396 4853 1559 4907 zalelitosti.

219 4962 432 4974 -υ--ι

322 5011 350 5070 a)
369 5005 534 5074 ,Johannes‘
553 5004 627 5071 Kap.
646 5003 669 5072 J.
690 5029 722 5042 -
742 5003 772 5068 b)
801 5005 913 5069 ‚ratum
944 5001 1092 5067 doplneno
1118 5000 1195 5052 vln.
1220 5015 1258 5053 na
1284 4999 1376 5066 okraji
1401 4999 1482 5068 jinou
1502 4998 1605 5048 rukou.
1627 5024 1660 5034 —

219 5093 245 5162 c)
263 5095 296 5162 ,si
314 5094 551 5150 inobedientibus
575 5092 767 5148 contumacia‘
788 5090 857 5160 Kap.
876 5090 899 5159 J.
926 5119 958 5128 -
985 5091 1017 5155 d)
1036 5089 1250 5157 ,apelacionem‘
1275 5088 1315 5141 ln.
1341 5089 1350 5141 i
1374 5087 1444 5155 Kap.
1464 5086 1486 5155 J.
1507 5112 1538 5123 -
1559 5083 1585 5153 e)
1611 5083 1660 5152 ‚Jo‘

220 5183 290 5253 Kap.
304 5184 327 5254 J.
350 5213 381 5222 -
401 5182 424 5248 s)
450 5181 573 5248 ‚MCCC‘’
591 5187 654 5236 etc-¹
683 5181 754 5250 Kap.
767 5180 789 5249 J.
810 5210 842 5219 -
862 5181 890 5250 g)
910 5179 953 5243 ‚R‘
971 5180 1021 5246 ln,
1040 5178 1202 5246 ,Rapotam‘
1223 5178 1293 5246 Kap.
1310 5177 1334 5246 J.
