3988 5844
886 412 937 462 165

877 625 952 687 212.

194 767 313 850 Biskup
344 768 461 831 Tobiae
483 767 634 850 obnovuje
658 767 771 831 listinu
794 768 937 830 slorelou
955 768 1015 850 pei
1032 767 1158 850 poa'dru
1181 769 1276 830 domu
1292 765 1503 849 biskupske‘lzo
1525 767 1637 830 nota'rb

195 875 292 952 Petra,
306 877 361 958 jr'd
383 875 583 956 predchadce
596 876 675 958 jeho
702 875 774 947 Jan
787 877 939 958 jmenuje
953 875 1078 957 sardia
1088 875 1145 958 pr'i
1162 875 1444 938 ktere'msikostele
1460 895 1504 936 na
1520 873 1638 937 dddost

703 991 799 1062 opata
823 981 1129 1045 Zlatokorunske'lro.

1243 1066 1527 1154 (1279-129utl.

323 1215 512 1294 Episcopus
537 1216 580 1277 ad
604 1215 830 1277 testimonium
854 1215 973 1277 notarii
997 1215 1047 1278 sui
1072 1225 1208 1278 renovat
1232 1215 1501 1277 confirmacionis

769 1322 880 1385 literas
904 1323 1058 1402 plebano.

296 1459 495 1547 Tb(obias)¹
525 1464 579 1526 dei
614 1466 723 1548 gracia
759 1475 822 1527 etc.
859 1467 1020 1529 universis
1056 1475 1244 1543 presentem
1276 1464 1405 1527 literam
1437 1465 1636 1544 inspecturis

195 1572 331 1634 salutem
355 1575 388 1634 in
412 1572 550 1634 domino
575 1572 821 1652 sempiternam.
849 1570 1025 1648 Noveritis,
1049 1573 1142 1653 quod
1166 1593 1244 1635 cum
1267 1574 1366 1635 nobis
1390 1583 1521 1635 constet
1544 1593 1635 1636 vera-

195 1680 273 1741 citer
297 1699 341 1741 ex
366 1687 460 1757 parte
485 1675 597 1742 Petrib
619 1681 738 1742 notarii
764 1680 869 1742 nostri
893 1687 927 1742 et
950 1680 1090 1742 aliorum
1113 1681 1325 1759 ydoneorum
1358 1682 1502 1742 virorum
1531 1682 1635 1742 relatu

193 1786 337 1848 veridico
362 1797 395 1848 et
418 1785 516 1862 fideli,
540 1787 634 1868 quod
659 1787 819 1849 honestus
844 1788 914 1850 vir.
932 1795 953 1850 ἒ
977 1807 1066 1850 nunc
1091 1789 1253 1867 plebanus
1278 1788 1420 1851 ecclesie
1436 1791 1541 1851 sancti
1568 1788 1634 1865 Ny·

193 1889 300 1956 colaitl
325 1894 429 1970 de..,
461 1897 495 1957 in
528 1894 668 1956 ecclesia
692 1895 835 1974 ipsae..
860 1894 939 1956 olim
971 1895 1014 1957 ad
1047 1896 1248 1974 peticionem
1281 1903 1315 1956 et
1347 1899 1634 1976 presentacionem

194 2000 437 2063 honorabilium
462 2001 609 2063 virorum
634 2049 639 2062 .
666 2048 673 2062 .
697 2002 827 2063 abbatis
851 2021 893 2063 eo
918 2010 1071 2082 tempore
1095 2002 1137 2063 de
1162 2011 1277 2065 sancta
1303 2001 1437 2066 Corona
1461 2023 1501 2065 ac
1525 2006 1635 2066 tocius

192 2119 375 2170 conventus
398 2108 549 2171 eiusdem
573 2110 774 2185 monasterii,
800 2119 1017 2187 patronorum
1041 2110 1144 2188 ipsius
1168 2109 1309 2172 ecclesie
1324 2110 1375 2173 in.
1390 2157 1397 2171 .
1415 2111 1635 2174 cisterciensis

192 2216 315 2278 ordinis
339 2225 453 2277 nostre
478 2215 641 2294 dyocesis,
665 2235 724 2295 per
744 2214 965 2278 venerabilem
982 2225 1109 2295 patrem
1126 2213 1343 2299 Jo(hannem)
1362 2217 1451 2279 bone
1469 2218 1636 2292 memorie,

193 2323 382 2401 proximum
406 2323 681 2401 predecessorem
705 2332 865 2398 nostrum,
897 2342 973 2384 cum
997 2324 1154 2386 omnibus
1185 2321 1269 2385 villis
1301 2333 1336 2387 et
1358 2325 1486 2386 iuribus
1510 2345 1554 2386 ex
1579 2345 1635 2388 an·

190 2432 282 2509 tiquo
308 2429 351 2491 ad
376 2431 519 2492 eandem
543 2429 720 2492 ecclesiam
737 2431 979 2508 pertinentibus
995 2428 1094 2493 fuerit
1110 2433 1272 2494 canonice
1290 2433 1459 2494 institutus
1475 2453 1515 2494 ac
1532 2437 1634 2496 etiam

190 2535 417 2613 confirmatae,
440 2538 524 2600 sicut
548 2537 613 2600 boc
641 2537 871 2600 nichilominus
891 2557 951 2618 per
970 2547 1123 2618 patentes
1148 2537 1261 2601 literas
1286 2542 1543 2617 presentatorias
1567 2541 1635 2602 dic·

191 2654 300 2705 torum
326 2645 458 2708 abbatis
482 2657 514 2708 et
539 2653 722 2708 conventus
755 2639 927 2708 eidem..f
960 2644 1100 2708 collatas
1131 2647 1165 2708 in
1196 2645 1261 2708 hoc
1286 2645 1375 2708 sacto
1408 2649 1636 2727 promocionis

192 2770 249 2811 sue
274 2749 363 2812 clare
387 2761 487 2831 patet,
511 2772 595 2833 quas
619 2773 681 2816 nos
704 2752 847 2815 vidimus
872 2762 906 2814 et
930 2752 1070 2834 legimus
1094 2771 1162 2815 non
1178 2753 1380 2817 cancellatas
1396 2773 1458 2815 nec
1476 2755 1507 2815 in
1525 2754 1635 2835 aliqua

193 2859 239 2920 sui
264 2868 361 2938 parte
386 2870 561 2939 suspectas
586 2881 662 2923 cum
686 2881 765 2922 vero
790 2860 897 2943 sigillo
922 2861 1097 2923 domini..
1124 2861 1255 2923 abbatis
1287 2861 1441 2941 superius
1465 2864 1636 2937 nominati,

192 2965 282 3046 quod
308 2966 403 3029 litere
427 2967 675 3052 confirmatorie
699 2966 818 3048 prelati
842 2967 1091 3048 predecessoris
1115 2969 1217 3031 nostri
1243 2968 1332 3030 dicto
1350 3017 1356 3030 .
1376 2975 1396 3029 ,ο
1421 2968 1543 3031 collate
1560 2989 1636 3030 cum

193 3072 294 3136 domo
320 3085 354 3135 et
378 3077 478 3138 rebus
501 3079 625 3139 notarii
648 3077 753 3138 nostri
776 3076 960 3156 supradicti
983 3080 1016 3138 in
1041 3077 1173 3138 civitate
1206 3075 1360 3156 Pragensi
1394 3093 1452 3153 per
1484 3077 1567 3158 ignis
1592 3079 1636 3138 in·

191 3181 346 3242 cendium
371 3203 390 3244 a
415 3201 494 3245 casu
520 3182 656 3246 fortuito
680 3183 855 3263 deperdite
880 3186 1063 3246 extiterunt
1086 3191 1121 3244 et
1144 3191 1354 3262 consumpte,
1378 3203 1441 3245 nos
1459 3183 1568 3246 eidem
1586 3233 1592 3246 .
1612 3191 1636 3244 .⁸

194 3288 338 3365 plebano
364 3291 395 3351 in
419 3291 484 3352 boc
509 3310 598 3364 casu,
630 3311 671 3352 ne
697 3295 747 3354 ius
771 3310 877 3368 suum,
908 3292 1000 3371 quod
1033 3291 1137 3353 habet
1167 3291 1201 3352 in
1225 3290 1353 3370 prefata
1378 3291 1520 3353 ecclesia
1544 3294 1636 3354 de..

192 3403 225 3456 et
248 3399 461 3477 pertinenciis
485 3399 555 3461 eius
581 3401 716 3474 cunctis,
742 3408 878 3478 propter
902 3399 1093 3461 huiusmodi
1116 3419 1231 3461 casum
1249 3398 1429 3471 fortuitum,
1453 3400 1508 3478 qui
1533 3403 1638 3479 previ-

193 3502 263 3565 deri
288 3525 355 3566 non
381 3507 499 3584 potuit,
523 3507 735 3586 aliquatenus
759 3505 914 3569 vacillare
931 3505 1040 3568 valeat
1064 3515 1122 3568 aut
1138 3526 1196 3585 per
1214 3505 1476 3568 malivolenciam
1492 3507 1635 3586 aliquam

193 3609 258 3672 ullo
282 3631 444 3693 umquam
467 3623 619 3693 tempore
643 3614 793 3694 inpediri,
818 3614 995 3676 subvenire
1020 3632 1065 3675 ex
1088 3611 1187 3676 officii
1204 3614 1306 3676 nostri
1324 3612 1438 3674 debito
1455 3614 1637 3692 cupientes,

192 3728 227 3778 nt
244 3721 375 3782 iusticia
392 3739 451 3800 per
468 3721 620 3784 iniuriam
638 3715 816 3800 (minime)¹¹
841 3721 1053 3801 deprimatur,
1079 3719 1226 3800 prefatas
1243 3719 1510 3782 confirmatorias
1525 3721 1637 3784 literas

192 3825 294 3887 modo
320 3836 474 3905 pretacto
506 3828 710 3909 deperditas,
742 3838 842 3909 prout
866 3830 988 3890 iustum
1020 3837 1071 3891 est
1103 3839 1136 3892 et
1159 3829 1284 3890 racioni
1317 3846 1512 3906 consonum,
1544 3829 1636 3890 inno·

193 3943 314 4010 ventes,
340 3953 399 4012 per
424 3945 575 3998 tenorem
601 3956 658 3998 eas
682 3938 776 4000 istius
801 3936 895 4000 litere
921 3938 1202 4016 auctoritateque
1220 3935 1385 4016 fungimur
1402 3911 1637 4010 restauramus,

193 4043 236 4102 ita
261 4041 354 4122 quod
379 4044 451 4124 ipsa
475 4044 651 4106 innovacio
676 4045 720 4107 ad
745 4043 880 4124 plenum
903 4043 1048 4105 eundem
1072 4043 1221 4126 vigorem
1244 4042 1406 4116 obtineat,
1430 4061 1528 4122 quem
1545 4042 1637 4106 litere

191 4148 448 4226 confirmatorie,
472 4159 651 4232 antequam
675 4151 852 4231 deperdite
876 4148 1015 4212 luissent
1040 4169 1100 4228 per
1123 4158 1310 4229 pretactum
1335 4149 1419 4230 ignis
1436 4150 1638 4226 incendium,

193 4256 398 4319 obtinebant.
439 4255 485 4320 Ut
510 4258 608 4340 igitur
632 4258 693 4320 hec
717 4267 833 4321 nostra
865 4259 1041 4320 innovacio
1066 4251 1122 4320 aci
1155 4258 1357 4320 instauracio
1382 4251 1443 4318 sici
1478 4266 1638 4336 perpetue

193 4364 295 4424 robur
319 4364 472 4426 obtineat
495 4364 670 4442 firmitatis,
705 4358 925 4447 (presentes)¹¹
954 4363 1065 4426 literas
1090 4364 1220 4444 prefato
1239 4413 1244 4424 .
1263 4371 1287 4426 ,ὅ
1309 4365 1455 4444 plebano
1479 4385 1524 4426 ex
1548 4373 1638 4425 certa

193 4481 305 4533 nostra
329 4472 473 4534 sciencia
497 4475 725 4536 concessimus
757 4472 800 4534 ad
830 4472 1035 4554 perhennem
1060 4471 1158 4534 huius
1182 4475 1228 4533 rei
1253 4473 1459 4547 memoriam,
1492 4472 1639 4532 veritatis

192 4580 420 4642 testimonium
460 4588 494 4642 et
532 4581 635 4661 ipsius
656 4629 663 4643 .
684 4589 709 4644 ,Ι
747 4581 914 4644 cautelam
953 4579 1049 4664 sigilli
1089 4580 1193 4642 nostri
1229 4580 1410 4641 munimine
1450 4579 1636 4640 roboratas.

195 4685 318 4748 Datum
343 4697 406 4749 etc.

301 4825 360 4878 Fol.
386 4828 421 4878 35
446 4826 470 4878 ὅ.
496 4831 557 4889 212,
583 4826 629 4880 tei
655 4845 672 4880 v
689 4827 732 4880 rk.
758 4827 889 4896 kapituly
916 4823 1126 4894 Prarskejrot
1151 4825 1198 4880 iol.
1224 4829 1295 4880 236¹.
1333 4823 1359 4878 Ο
1385 4825 1638 4894 chronologickem

193 4915 324 4968 omezeni
344 4915 445 4968 rokem
467 4920 536 4968 1290
555 4932 631 4970 srov.
652 4917 730 4970 duod
750 4915 818 4969 113.

299 5105 328 5152 al
350 5095 417 5156 ‚Nos
435 5095 484 5148 lo‘
505 5094 576 5162 Kap.
596 5095 617 5164 J.
639 5125 671 5133 -
692 5095 721 5162 b)
742 5093 789 5156 ,P.‘
810 5093 881 5161 Kap.
894 5091 916 5160 J.
940 5092 1012 5160 —c)
1027 5092 1079 5156 ,H.¹
1100 5091 1174 5160 Kap.
1188 5092 1210 5159 J.
1231 5123 1264 5130 -
1285 5093 1315 5161 d)
1330 5092 1432 5146 Schazi
1451 5091 1554 5154 vKap.
1569 5091 1591 5160 J.
1608 5119 1637 5128 -

193 5183 220 5253 e)
239 5185 287 5247 ,de
305 5185 379 5253 ipso‘
397 5185 438 5238 ln.
468 5215 500 5224 —
531 5184 622 5254 Μ]
643 5185 805 5267 Καρ.].-
831 5183 860 5253 g)
881 5183 925 5244 ,H‘
955 5182 1028 5250 Kap.
1050 5182 1073 5251 J.
1100 5211 1132 5220 -
1154 5181 1183 5250 b)
1212 5181 1367 5250 Doplneno
1396 5181 1444 5235 dle
1471 5181 1541 5248 Kap.
1563 5180 1584 5247 J.
1606 5208 1637 5217 -

196 5274 220 5342 i),
242 5276 316 5340 ,bac‘
344 5275 393 5338 ln,
422 5277 472 5338 ,ac‘
499 5275 570 5343 Kap.
589 5275 612 5345 J.
642 5304 673 5313 -
691 5275 712 5343 j)
733 5275 775 5327 sic
794 5273 833 5326 ln.
