3968 5848
1043 382 1094 431 102

347 597 487 659 ecclesia
511 596 570 660 sed
595 597 629 656 in
653 596 833 658 nonnullisa
858 596 929 660 aliis
954 596 1108 673 dyocesis
1132 603 1245 657 nostre
1269 593 1418 656 ecclesiis
1441 591 1512 655 fieri
1528 600 1580 655 est
1590 601 1793 654 consuetum

346 704 389 766 ad
406 703 592 782 profectum
609 702 724 765 salutis
748 715 870 780 eterne,
894 703 983 765 unde
1008 695 1110 764 hancb
1134 701 1372 764 racionabilem
1389 700 1668 762 consuetudinem
1685 701 1718 760 in
1736 699 1792 762 dei

347 811 473 872 cultum
497 809 621 871 editam
646 820 679 871 et
702 819 865 872 servatam
897 809 1007 872 nullus
1031 808 1131 870 debet
1154 827 1217 870 nec
1241 807 1327 870 valet
1352 805 1598 870 racionabiliter
1621 806 1792 886 impedire,

347 919 493 979 maxime
517 918 588 978 sine
612 917 738 980 domini
755 918 902 996 episcopi
921 917 984 978 loci
1000 917 1181 994 dyocesani
1205 914 1344 976 licencia
1361 923 1395 976 et
1412 931 1559 975 assensu.
1586 911 1712 975 Datum
1729 923 1793 974 etc.

456 1090 515 1143 Fol.
536 1091 578 1143 18⁶
598 1091 621 1144 c.
643 1097 701 1154 125,
721 1091 766 1143 tei
786 1107 804 1142 v
817 1091 954 1159 rukopise
973 1091 1103 1159 kapituly
1123 1085 1477 1156 1111131161401101262.Ι
1497 1085 1524 1140 Ο
1537 1088 1795 1157 chronologickem

347 1180 477 1234 omezeni
496 1181 597 1234 rokem
618 1184 687 1234 1290
705 1196 781 1234 srov.
802 1181 965 1234 1111011113.

1038 1469 1108 1530 126.

348 1609 472 1691 Biskup
500 1610 530 1674 Τ
526 1609 618 1672 obicis*
638 1610 725 1672 eddo
748 1609 1014 1693 neymenovane'lzo
1037 1609 1192 1684 lleclztice,
1222 1609 1283 1690 aby
1305 1608 1410 1671 vra'tr'l
1421 1607 1542 1690 farcir'i
1564 1607 1675 1683 kostel,
1706 1608 1796 1688 rrery'

980 1739 1034 1780 mu
1058 1717 1164 1780 odrial.

1401 1801 1685 1888 (1279-1290l).

498 1966 686 2046 Episcopus
710 1979 824 2032 monet
847 1977 882 2030 et
905 1977 1000 2050 rogat
1023 1967 1203 2048 quemdam
1228 1967 1383 2042 nobilem,
1407 1978 1444 2029 ut
1468 1967 1646 2028 ecclesiam

661 2076 794 2138 cuidam
819 2077 1004 2154 presbitero
1029 2077 1216 2138 restitueret
1241 2094 1316 2137 cum
1342 2074 1471 2137 ablatis.

455 2213 648 2296 Th(obias)c
674 2226 736 2278 etc.
760 2215 862 2278 nobili
886 2217 956 2278 viro
980 2217 1117 2278 domino
1135 2266 1141 2279 .
1160 2211 1184 2273 .‘¹
1208 2216 1299 2278 dicto
1325 2217 1367 2278 de
1385 2266 1415 2279 ..
1441 2217 1549 2279 amico
1573 2237 1635 2280 suo
1660 2216 1795 2295 speciali

350 2323 491 2386 salutern
517 2323 549 2386 in
574 2324 721 2386 domino.
770 2323 963 2386 Monuimus
986 2343 1046 2385 vos
1071 2333 1105 2385 et
1128 2325 1318 2405 rogavimus
1342 2323 1563 2386 amicabiliter
1586 2342 1645 2402 per
1669 2325 1799 2404 priores

350 2431 460 2493 literas
483 2440 616 2492 nostras
639 2441 672 2493 et
696 2450 782 2492 nunc
814 2432 913 2493 etiam
945 2429 1154 2494 nobilitatem
1179 2441 1323 2492 vestram
1348 2449 1504 2512 rogamus
1529 2432 1740 2510 presentibus
1763 2441 1797 2492 et

349 2539 528 2612 hortamur,
576 2541 608 2600 in
648 2538 875 2600 remissionem
923 2547 1107 2600 vestrorum
1154 2539 1250 2600 vobis
1297 2541 1528 2618 peccaminum
1575 2539 1796 2620 iniungentes,

350 2655 513 2726 quatenus
537 2653 585 2706 ..⁸
609 2645 751 2724 plebano
784 2645 827 2707 de
852 2695 883 2707 ..
908 2645 1082 2707 ecclesiam
1119 2664 1195 2706 cum
1227 2647 1382 2706 omnibus
1414 2645 1532 2708 ablatis
1564 2645 1635 2707 aliis
1667 2648 1795 2708 restitui

349 2751 486 2827 faciatis,
517 2755 668 2828 scientes,
703 2753 793 2832 quod
827 2771 886 2832 per
917 2752 982 2814 hoc
1013 2773 1074 2814 nos
1105 2753 1294 2836 obligabitis
1329 2753 1516 2833 specialiter
1550 2753 1594 2814 ad
1627 2753 1797 2833 condigne

349 2858 581 2921 vicissitudinis
613 2863 831 2939 repensivam.
879 2859 1046 2940 Alioquin,
1065 2861 1105 2949 ¹si
1129 2879 1246 2940 preces
1277 2871 1409 2922 nostras
1440 2869 1473 2920 et
1497 2859 1642 2922 salubria
1668 2865 1795 2922 monita

349 2968 448 3028 etiam
473 2967 536 3028 hac
560 2967 631 3027 vice
653 2967 932 3046 contempseritis,
965 2986 1025 3046 pro
1050 2977 1156 3028 vestre
1181 2965 1340 3028 facientes
1372 2966 1466 3028 aliter
1491 2967 1583 3028 libito
1607 2967 1798 3044 voluntatis,

349 3073 501 3153 predicto
533 3073 677 3154 plebano
709 3093 777 3136 non
809 3067 968 3136 valentess
1005 3077 1038 3135 in
1063 3093 1124 3136 suo
1149 3075 1218 3136 iure
1242 3074 1370 3148 deesse,
1402 3083 1521 3135 contra
1552 3095 1611 3136 vos
1639 3075 1797 3156 exigente

350 3180 448 3243 olfrcii
472 3181 576 3242 nostri
601 3181 725 3257 debito,
761 3181 837 3242 licet
872 3181 970 3256 inviti,
1002 3199 1061 3260 per
1096 3199 1271 3244 censuram
1308 3182 1569 3244 ecclesiasticam
1605 3183 1796 3259 procedere

350 3286 538 3350 nullatenus
562 3287 765 3350 differemus.
789 3287 915 3351 Datum
939 3297 1001 3350 etc.

457 3442 518 3497 Fol.
539 3446 579 3496 18⁴
599 3444 623 3496 d.
644 3447 704 3506 126,
724 3444 768 3496 tel
786 3461 802 3496 v
818 3444 955 3511 rukopise
976 3444 1104 3514 kapituly
1126 3441 1479 3510 PralskeJ40⁵l01.257‘.
1499 3445 1525 3498 O
1539 3445 1797 3514 chronologickem

349 3534 481 3587 omezeni
500 3534 600 3587 rokem
622 3536 691 3586 1290
711 3549 777 3586 srov
805 3532 884 3584 rivod
903 3531 927 3584 ll
946 3537 971 3586 3.

1038 3824 1109 3886 127.

350 3965 478 4047 Biskup
507 3965 537 4028 T
533 3964 623 4028 abiar
644 3964 795 4047 nalizuje
809 3965 929 4046 sardii
949 3985 971 4026 v
993 3967 1104 4040 Moste',
1135 3965 1195 4046 oby
1218 3963 1366 4027 crrkevm'
1385 3984 1541 4027 censurou
1563 3965 1668 4026 stz'lral
1688 3967 1799 4044 vlr'dcr',

627 4070 715 4134 kterz'
733 4072 883 4134 eadrielr'
902 4071 1028 4152 odkaay
1050 4072 1146 4144 svy'clr
1164 4070 1291 4152 pfedkrl
1316 4070 1512 4133 mr'notr'trim.

1415 4229 1686 4308 (1279-12902)

475 4377 665 4456 Episcopus
690 4375 827 4437 mandat
851 4374 1007 4456 plebano,
1031 4384 1068 4437 ut
1092 4375 1303 4454 parochiales
1328 4377 1553 4457 compelleret,
1577 4375 1669 4458 quod

595 4491 796 4545 testamenta
821 4481 909 4544 facta
934 4481 1090 4544 fratribus
1114 4483 1301 4545 minoribus
1325 4483 1547 4544 exsolverent.

455 4621 650 4708 ThJobiasJ³
673 4635 735 4688 etc.
761 4619 819 4687 Nn
842 4619 995 4704 plebanoi
1025 4623 1168 4687 salutem
1192 4643 1268 4685 cum
1293 4627 1421 4686 sincera
1439 4627 1472 4686 in
1489 4624 1627 4687 domino
1645 4629 1796 4688 caritate.

348 4731 417 4796 Sua
457 4733 556 4796 nobis
594 4733 704 4796 dilecti
741 4733 774 4794 in
810 4727 942 4794 Christo
982 4729 1097 4792 fratres
1137 4732 1282 4793 minores
1328 4733 1360 4793 in
1395 4726 1509 4793 Pontej
1546 4744 1798 4794 commorantes

350 4839 556 4922 querimonia
588 4839 787 4914 detulerunt,
820 4838 911 4919 quod
943 4838 1079 4920 quidam
1112 4839 1145 4900 in
1177 4839 1296 4901 eadem
1328 4841 1461 4900 civitate
1493 4847 1563 4901 tam
1601 4843 1662 4902 viri
1693 4859 1795 4921 quam

456 5035 484 5096 a)
504 5033 647 5086 omnibus‘
667 5031 738 5099 Kap.
757 5031 779 5099 J.
801 5061 832 5068 -
854 5030 883 5100 b)
902 5031 968 5093 ,hoc
987 5031 1033 5083 ad'
1052 5031 1101 5097 ln,
1121 5030 1212 5093 ,hanc¹
1232 5027 1338 5097 KapJ.
1360 5059 1392 5069 -
1412 5028 1439 5098 c)
1459 5029 1507 5098 ,Jo‘
1529 5029 1598 5098 Kap.
1609 5031 1632 5098 J.
1653 5060 1687 5070 -
1707 5033 1738 5096 d)
1752 5031 1798 5096 ,C·

350 5123 456 5176 detali
476 5123 549 5176 loco‘
570 5120 679 5190 Kap.J.
707 5151 740 5158 -
765 5123 793 5188 e)
814 5120 854 5183 ,13¹
875 5120 948 5187 Kap.
967 5120 988 5188 J.
1015 5149 1047 5158 -
1073 5119 1097 5186 s)
1119 5119 1258 5182 ,valentis‘
1278 5119 1326 5185 ln,
1347 5120 1494 5182 ,valentes‘
1513 5119 1586 5187 Kap.
1604 5118 1626 5187 J.
1649 5147 1679 5158 -
1702 5120 1796 5188 ε),]οι

351 5212 421 5279 Kap.
433 5211 454 5279 J.
475 5240 508 5250 -
529 5211 558 5279 h)
578 5209 619 5270 ,C‘
634 5210 705 5278 Kap.
717 5209 739 5278 J.
761 5239 793 5247 -
814 5209 833 5278 i)
853 5210 936 5277 ,pleb¹
950 5211 977 5262 in
992 5210 1041 5263 tali
1055 5211 1128 5262 loco‘
1143 5207 1214 5274 Kap.
1226 5207 1249 5275 J.
1271 5235 1303 5245 —
1321 5210 1343 5278 j)
1358 5214 1403 5272 ,..‘
1417 5209 1488 5275 Kap.
1503 5209 1525 5277 J.
