3988 5844
888 425 937 476 173

180 639 267 720 Jar.¹
300 641 390 701 bone
426 640 587 702 memorie
623 641 773 702 canonici
809 649 843 701 et
874 638 1049 702 confratris
1085 641 1183 703 vestri
1216 660 1260 703 ex
1292 641 1416 702 intimis
1453 641 1636 719 precordiis

185 750 312 809 nostris
335 748 467 810 sincero
488 747 582 809 vobis
603 746 823 810 condolentes
839 756 873 809 et
889 749 1139 826 compacientes
1163 748 1296 822 affectu,
1322 748 1505 809 honestatis
1527 757 1635 810 vestre

185 853 440 932 providenciam
465 873 509 915 ex
533 853 657 916 affectu
689 854 887 935 requirimus
912 862 944 914 et
969 871 1132 935 rogamus,
1164 865 1331 934 quatenus
1364 855 1570 931 prebendam
1603 858 1634 916 in

185 960 329 1023 ecclesia
364 970 473 1024 vestra
508 980 567 1038 per
601 969 743 1022 mortem
780 963 886 1039 ipsius
923 971 1097 1023 vacantem
1136 964 1175 1038 ei,
1210 962 1262 1024 cui
1299 962 1342 1024 de
1376 963 1446 1024 iure
1484 963 1634 1039 debetur,

186 1071 317 1131 iusticie
333 1077 367 1130 et
383 1077 573 1132 nostrarum
598 1086 735 1145 precum
755 1068 874 1129 intuitu
896 1066 1085 1146 conferatis,
1109 1076 1146 1130 ut
1171 1068 1294 1130 exinde
1320 1069 1637 1147 circumspeccionis

185 1185 294 1237 vestre
319 1177 492 1238 sinceritas
516 1176 606 1254 apud
630 1175 732 1237 deum
752 1185 785 1238 et
805 1175 959 1237 homines
983 1176 1089 1238 valeat
1114 1195 1180 1238 non
1205 1176 1371 1238 immerito
1397 1175 1634 1238 commendari.

187 1281 313 1345 Datum
338 1293 400 1344 etc.

293 1439 355 1493 Fol.
374 1444 407 1493 37
429 1440 452 1492 ὅ.
473 1443 533 1503 226,
554 1439 598 1492 tei
618 1455 636 1491 v
655 1440 792 1506 rukopise
812 1439 941 1508 kapituly
955 1439 1077 1492 Pralske
1090 1439 1105 1506 J
1118 1436 1228 1494 40¹².fol.
1242 1435 1311 1490 26⁴¹.
1332 1438 1358 1492 O
1378 1438 1632 1508 chronologicktm

185 1528 318 1582 omezeni
338 1531 438 1582 rokem
460 1535 530 1584 1290
549 1543 624 1582 srov.
644 1529 723 1581 dvod
743 1529 768 1581 Il
788 1533 811 1580 3.

874 1819 948 1880 227.

184 1959 309 2039 Biskup
339 1959 368 2022 T
365 1959 456 2022 obicit
478 1960 642 2041 povoldva'
672 1963 754 2022 nov!
780 1959 949 2024 avolene'lzo
980 1969 1077 2041 opatu
1107 1958 1251 2022 klditera
1281 1979 1302 2020 v
1331 1958 1427 2040 reple
1455 1959 1495 2018 do
1519 1955 1634 2036 Prahy

799 2067 820 2128 k
841 2068 1018 2150 posvlcenz'.

1212 2153 1524 2236 (1279-12902).

279 2299 468 2380 Episcopus
493 2302 601 2363 electo
628 2301 941 2378 premonstratensis
966 2300 1092 2362 ordinis
1116 2299 1264 2377 mandat,
1289 2308 1325 2360 ut
1348 2300 1474 2360 veniret
1498 2298 1541 2360 ad

641 2408 915 2470 benediccionem
942 2407 1178 2485 recipiendam.

290 2545 469 2630 Thlobias)
495 2550 548 2612 dei
574 2559 636 2611 etc.
663 2550 850 2612 honorabili
873 2553 943 2611 viro
968 2549 1105 2611 domino
1130 2543 1199 2631 L.¹)
1228 2547 1335 2610 electo
1360 2545 1534 2625 Teplensis
1558 2565 1629 2607 mo·

184 2659 319 2719 nasterii
355 2656 497 2719 salutem
532 2666 564 2718 et
599 2659 762 2720 sinceram
798 2659 830 2718 in
865 2657 1004 2719 domino
1040 2656 1220 2718 caritatem.
1268 2651 1377 2731 Super
1413 2654 1630 2732 promocione

183 2779 291 2827 vestra
316 2776 349 2827 et
373 2766 510 2826 honoris
541 2765 638 2826 vestri
668 2765 886 2842 amplitudine
917 2762 1096 2842 spiritualis
1128 2761 1341 2824 iocunditatis
1371 2761 1496 2844 gaudio
1528 2756 1652 2842 quam'

184 2873 359 2949 plurimum
398 2892 441 2934 ex
481 2875 606 2935 intimis
646 2872 830 2952 precordiis
870 2871 992 2932 nostris
1035 2869 1162 2945 illarati,
1201 2888 1318 2948 preces
1357 2877 1491 2944 vestras,
1530 2877 1630 2946 prout

183 2982 319 3056 petistis,
355 2979 575 3044 racionabiles
612 2989 645 3040 et
680 2979 840 3041 honestas
876 2980 908 3040 in
943 2979 997 3040 die
1033 2996 1134 3055 pasce
1174 2978 1328 3055 proxime
1364 2994 1451 3037 nunc
1488 2982 1629 3036 venturo

182 3081 332 3149 effectuib
357 3087 473 3150 debito
498 3087 719 3150 favorabiliter
736 3086 845 3149 divina
861 3086 1028 3149 mediante
1053 3084 1237 3146 clemencia
1259 3082 1411 3144 volumus
1435 3083 1628 3158 mancipare

181 3197 221 3256 ad
261 3204 408 3256 vestrum
448 3203 649 3274 perpetuum
690 3193 906 3256 commodum
943 3201 976 3254 et
1012 3193 1185 3254 honorem.
1233 3187 1332 3252 Unde
1372 3189 1414 3251 ad
1457 3189 1520 3250 hoc
1560 3207 1629 3263 vos,

182 3303 368 3383 quaintu)m
400 3322 476 3364 cum
508 3302 561 3364 dei
594 3301 718 3363 auxilio
755 3301 917 3381 poteritis,
949 3302 1144 3378 preparetis,
1190 3298 1332 3380 Pragam
1364 3296 1406 3358 ad
1440 3296 1627 3376 predictum

180 3413 358 3472 terminum
384 3411 609 3472 accedentes.c
634 3409 758 3472 Datum
784 3421 845 3470 etc.

285 3567 345 3620 Fol.
365 3571 406 3619 37·
428 3566 451 3620 t.
472 3571 532 3619 227.
553 3565 579 3618 O
600 3562 856 3635 chronologiekem
875 3564 1007 3618 omeaenl
1026 3563 1127 3616 rokem
1148 3567 1218 3614 1200
1236 3577 1314 3615 srov.
1334 3561 1412 3614 dvod
1432 3559 1455 3612 ll
1475 3565 1499 3614 3.

291 3693 310 3757 ¹)
331 3693 416 3745 Roku
439 3696 506 3744 1293
527 3707 584 3759 srp.
605 3697 619 3744 7
639 3708 671 3745 se
690 3692 844 3760 vyslrytuje
864 3697 933 3757 opat
952 3688 1106 3759 Lypardus
1126 3687 1235 3752 (Emler
1254 3687 1311 3739 RB.
1330 3686 1355 3739 ll
1375 3686 1398 3740 t.
1420 3683 1508 3752 1625).

867 3979 941 4040 228.

178 4124 301 4208 Biskup
323 4124 441 4187 Tobicisv
461 4125 548 4187 udz'lr'
567 4121 724 4206 odpustky
743 4127 840 4196 vtem,
861 4122 942 4185 ledo&
965 4121 1038 4204 dajz‘
1060 4121 1215 4184 almua'nu
1234 4117 1390 4201 pokttlne'
1408 4117 1538 4180 didovce
1560 4116 1623 4180 Ka.

1085 4257 1090 4266 '
1203 4274 1517 4366 (1279-1290r).

311 4429 502 4508 Episcopus
527 4429 584 4490 dat
607 4427 668 4489 illis
692 4427 946 4508 indulgenciam,
971 4428 1029 4506 qui
1054 4423 1156 4487 ludee
1179 4425 1348 4502 baptizate
1372 4421 1489 4482 darent

794 4533 1005 4595 elemosinas,

282 4673 477 4760 Th(obias)d
510 4678 563 4740 dei
595 4678 705 4760 gracia
740 4687 800 4739 etc.
825 4679 985 4746 universis
1010 4672 1130 4738 Christi
1157 4673 1311 4736 fidelibus
1343 4679 1405 4734 etc.
1452 4669 1504 4732 De
1536 4689 1623 4732 nove

175 4787 301 4848 sobolis
325 4805 411 4847 nova
443 4787 622 4861 nativitate,
646 4803 745 4864 quam
777 4783 991 4866 regeneracio
1024 4781 1233 4860 baptismatis
1265 4777 1410 4842 fecundo
1442 4786 1539 4856 partu
1563 4777 1620 4840 ad·

175 4895 327 4973 opcionis
358 4894 554 4975 germinavit
584 4893 703 4974 gracia,
727 4893 758 4953 in
790 4890 928 4953 domino
961 4887 1137 4967 plurimum
1161 4889 1360 4962 exultantes,
1385 4886 1462 4947 Κει.ο
1492 4885 1620 4947 exhibi-

174 5011 280 5064 torem
314 5001 530 5081 presencium,
562 5020 581 5061 a
617 5003 739 5060 veteris
775 4997 856 5079 legis
892 5005 1055 5059 vetustate
1091 4993 1269 5074 spiritualis
1304 4993 1474 5076 privilegio
1509 4993 1621 5076 gracie

281 5193 309 5260 a)
330 5191 514 5263 ,J0.·1<ap.,1.
545 5219 577 5230 -
607 5189 848 5258 b),afsectui‘1n.
879 5218 910 5228 -
941 5190 968 5256 c)
989 5188 1193 5252 ,attendentes‘
1214 5187 1255 5240 ln.
1284 5215 1316 5225 -
1347 5187 1376 5254 d)
1397 5185 1439 5250 ,G‘
1462 5183 1565 5253 Kapl.
1586 5212 1620 5224 -

173 5281 200 5351 e)
219 5283 266 5348 ,Μ’
286 5281 357 5350 Kap.
371 5282 393 5352 J.
