3968 5848
1025 357 1064 418 80*

321 585 470 647 marchio
497 583 655 660 Moravie,
679 584 825 646 nobis..
851 593 932 644 et..
957 592 1039 646 et..
1064 583 1107 644 de
1131 583 1254 645 Bechin
1280 591 1360 644 et..
1385 592 1468 644 et..
1493 592 1574 644 et..
1600 577 1659 665 (de
1675 579 1761 645 Clin-

320 688 454 772 berchJ³
479 711 518 753 ac
542 691 666 754 nostris
682 694 842 754 universis
859 690 1022 767 fratribus,
1046 691 1309 772 consanguineis,
1331 690 1583 752 coadiutoribus
1599 699 1633 751 et
1649 689 1763 752 amicis

315 815 349 860 et
380 799 500 861 nostris
532 809 564 859 et
601 801 749 877 ipsorum
784 799 974 860 hominibus
1000 799 1098 860 bonis
1120 806 1154 858 et
1177 796 1332 860 fidelibus
1355 799 1518 860 universis
1542 805 1686 878 treugas
1701 816 1764 875 per

315 925 410 967 suam
434 905 729 987 magnificenciam,
756 906 979 984 pernobilem
1004 907 1109 966 virum
1122 895 1553 985 dominum(Zavissium)¹'
1577 902 1763 968 dictumde

314 1007 588 1094 (Vallrenstein),c
611 1016 767 1074 nuncium
784 1031 881 1078 suurn
878 989 942 1080 ad
959 1031 1022 1077 nos
1039 1011 1227 1092 specialiter
1243 1012 1477 1090 destinatum,
1480 1019 1666 1092 exparte
1653 1031 1715 1093 sua
1730 1021 1763 1073 et

312 1121 415 1210 ipsius
426 1114 806 1208 dominii-„rssnjffi’
764 1132 796 1180 et
806 1118 944 1210 fratrum
950 1123 1030 1207 eius
1018 1119 1274 1202 quorumlibet,
1287 1120 1612 1200 consanguineorum
1625 1137 1762 1180 suorum

316 1236 349 1288 ct
373 1198 573 1290 amicorumd
597 1237 631 1289 et
648 1197 848 1288 eorumdem
852 1199 1007 1288 fidelium
1024 1261 1065 1270 —
1081 1228 1167 1288 sicut
1182 1227 1272 1289 idem
1289 1223 1496 1306 (Zavissius)
1520 1246 1565 1289 ex
1585 1235 1679 1304 parte
1702 1245 1763 1288 sua

315 1346 348 1396 et
368 1353 505 1396 suorum
528 1333 675 1403 f,ratrum
701 1327 1065 1416 [conlsanguineorum
1089 1335 1275 1396 amicorum
1298 1345 1332 1395 et
1362 1332 1509 1395 fidelium
1533 1336 1761 1395 universorum

315 1443 462 1522 ipsorum
476 1442 573 1503 nobis
585 1461 663 1503 suas
676 1440 801 1502 litteras
811 1441 963 1503 exhibuit
975 1451 1128 1520 patentes
1138 1452 1273 1524 treugas
1288 1441 1330 1502 ad
1347 1441 1484 1503 easdem
1500 1439 1763 1501 roborandas-

316 1562 350 1609 et
371 1551 519 1610 omnium
544 1549 708 1610 baronum
737 1567 874 1610 suorum
898 1566 938 1609 ac
963 1549 1083 1610 civium
1106 1548 1332 1630 quorumlibet
1356 1557 1390 1609 et
1414 1568 1532 1610 eorum
1556 1547 1703 1609 fidelium
1728 1549 1760 1608 in

317 1667 404 1718 terra
437 1655 575 1718 Boemie
600 1655 885 1718 commorancium
910 1676 929 1716 a
954 1649 1142 1732 dominicaf
1172 1675 1238 1736 qua
1262 1654 1678 1736 efflifflqrdia
1702 1652 1762 1715 do-

319 1765 416 1841 mini‘,
441 1763 1104 1848 umfflmfflm-SQQQQJJS
1128 1765 1281 1842 proxime
1306 1762 1484 1824 affuturam
1508 1763 1602 1825 dedit
1624 1771 1658 1823 et
1681 1780 1761 1822 con·

315 1871 388 1933 tulit
418 1872 569 1952 graciose
602 1888 641 1930 ac
665 1869 801 1932 easdem
825 1871 923 1933 nobis
956 1872 1037 1958 suis
1042 1870 1194 1954 litter-is&
1199 1870 1398 1956 patentibus
1422 1877 1456 1948 et
1478 1866 1758 1948 prefatonuncio

316 1977 589 2076 cmfirmaeitsid
611 1997 630 2036 a
646 1978 744 2038 nobis
768 1977 869 2039 etiam
893 1977 1122 2056 exposcend0,
1147 1977 1223 2038 licet
1246 1976 1344 2038 nobis
1369 1977 1411 2038 de
1435 1979 1505 2038 iure
1530 1976 1610 2038 dare
1627 1984 1760 2038 tenetur

317 2095 351 2147 et
367 2085 492 2147 debeat
515 2086 549 2145 in
565 2082 738 2158 mandatis,
762 2092 799 2145 ut
816 2076 947 2165 (quam)
966 2085 1063 2146 bonis
1079 2084 1180 2163 ipsius
1196 2084 1325 2145 domini
1340 2083 1443 2144 nostri
1468 2083 1554 2164 regis
1573 2091 1642 2145 tam
1660 2083 1761 2144 etiarn

317 2191 498 2254 baronibus
521 2194 613 2265 suis&
646 2191 820 2252 clientibus
844 2190 1055 2270 quibuslibet,
1088 2189 1216 2252 villanis
1240 2201 1274 2253 et
1297 2191 1425 2252 civibus
1448 2191 1610 2253 universis
1634 2191 1665 2252 in
1689 2199 1762 2253 tota

317 2310 405 2361 terra
429 2297 564 2361 Boemie
596 2297 809 2359 manentibus
832 2309 967 2379 treugas
990 2299 1032 2359 ad
1059 2297 1203 2360 eundem
1229 2297 1316 2359 diem
1341 2307 1374 2360 et
1396 2299 1575 2360 terminum
1600 2317 1644 2359 ex
1668 2306 1762 2377 parte

318 2406 425 2468 nostri
449 2406 598 2467 omnium
623 2417 657 2466 et
681 2403 828 2466 fidelium
853 2414 1046 2466 nostrorum
1069 2404 1270 2466 deberemus
1302 2403 1482 2467 liberaliter
1513 2401 1817 2487 elargiriQ„

307 2531 405 2596 gero,
430 2532 506 2574 cum
530 2515 583 2574 sui
606 2511 709 2574 simus
732 2510 848 2574 fideles
871 2521 904 2572 et
919 2530 1053 2590 semper
1068 2509 1227 2574 fuerimus
1244 2511 1440 2592 abantiquo
1457 2519 1491 2578 et
1507 2530 1582 2573 esse
1598 2510 1763 2572 debemus

316 2630 351 2682 et
374 2619 526 2682 volumus
550 2619 583 2680 in
607 2618 763 2694 futurum,
794 2618 960 2680 mandatis
984 2619 1088 2698 ipsius
1113 2619 1241 2682 domini
1262 2622 1367 2680 nostri
1393 2618 1480 2698 regis
1503 2618 1653 2680 volentes
1677 2636 1761 2696 puro

316 2727 428 2789 animo
453 2726 591 2788 obedire
614 2735 648 2788 et
672 2743 731 2804 per
755 2725 852 2788 hoc
844 2729 948 2805 ipsius
973 2726 1178 2789 excellencie
1202 2735 1275 2788 toto
1300 2727 1420 2789 mentis
1436 2729 1613 2788 conamine
1629 2723 1762 2788 deside·

317 2843 428 2896 rantes
451 2832 636 2895 fervencius
659 2833 881 2912 complacere,
908 2843 1058 2918 treugas
1061 2854 1113 2902 ex
1120 2843 1253 2928 parte
1256 2843 1378 2924 nostra,
1403 2833 1551 2894 omnium
1570 2833 1763 2908 amicorum,

317 2941 641 3022 consanguineorum
671 2948 706 3002 et
737 2939 972 3002 coadiutorem
1004 2950 1196 3003 nostrorum
1221 2960 1260 3002 ac
1265 2919 1494 3004 nostrorumh
1519 2949 1553 3001 et
1576 2938 1762 3001 eorundem

317 3046 465 3109 fidelium
489 3046 609 3110 damus
634 3056 668 3110 et
693 3047 893 3110 exhibemus
918 3045 1059 3109 fideliter
1082 3049 1243 3110 universis
1268 3048 1460 3124 baronibus,
1485 3047 1753 3127 principaliter.
1756 3051 1763 3080 ¹

317 3166 400 3216 et..
425 3153 518 3216 de..
543 3163 626 3216 et..
651 3155 743 3217 de..
768 3165 849 3216 et..
875 3154 968 3218 de..
1001 3163 1035 3217 et
1065 3155 1193 3217 villanis
1228 3175 1267 3216 ac
1304 3154 1429 3216 civibus
1464 3153 1669 3234 quibuslibet
1704 3173 1764 3232 per

317 3271 424 3323 totam
456 3271 579 3324 terram
611 3260 748 3323 Boemie
783 3261 908 3342 ubique
940 3262 1226 3324 commorantibus
1261 3271 1294 3323 et
1318 3262 1361 3323 ad
1386 3261 1450 3323 hoc
1475 3263 1573 3324 bonis
1596 3258 1763 3342 regalibus

316 3370 476 3432 universis
500 3379 534 3432 et
557 3369 693 3431 easdem
717 3379 852 3450 treugas
877 3389 936 3449 per
959 3389 1021 3432 nos
1045 3363 1093 3450 (et
1118 3390 1136 3430 a
1161 3363 1282 3448 nobis)j
1307 3369 1475 3432 exhibitas
1499 3367 1640 3430 fideliter
1664 3367 1761 3428 firmi·

316 3485 434 3556 terque
468 3495 554 3556 puro
588 3477 701 3554 corde,
736 3486 847 3538 mente
883 3495 951 3538 non
983 3475 1070 3552 ficta,
1106 3475 1323 3538 iraudacione
1348 3475 1498 3556 qualibet
1521 3474 1638 3556 procul
1662 3485 1763 3549 mota,

317 3591 434 3646 tenore
457 3586 621 3663 presentis
645 3584 764 3666 pagine
788 3583 1039 3665 diligentissime
1060 3583 1297 3674 confirmamus
1321 3585 1355 3646 in
1379 3583 1514 3646 evidens
1534 3582 1762 3646 testimonium

317 3691 471 3766 veritatis,
503 3691 623 3754 dantes
657 3692 784 3753 eisdem
817 3699 850 3751 et
882 3691 1080 3753 exhibentes
1105 3711 1149 3752 ex
1174 3667 1269 3772 parte
1283 3666 1417 3768 nostra,
1453 3693 1647 3766 amicorum,
1684 3707 1762 3750 con·

317 3799 574 3878 sanguineorum
600 3809 633 3860 et
657 3799 892 3860 coadiutorum
917 3809 1108 3861 nostrorum
1133 3819 1171 3861 ac
1196 3808 1388 3862 nostrorum
1414 3802 1563 3861 omnium
1588 3808 1763 3859 eteorum

317 3905 465 3967 fidelium
499 3924 653 3967 securum
678 3905 851 3966 transitum
877 3923 935 3983 per
958 3914 1064 3967 totam
1088 3915 1212 3968 terram
1236 3904 1381 3981 Boemie‚
1417 3923 1619 3986 quocunque
1643 3903 1690 3965 eis
1715 3907 1761 3964 ire

317 4011 476 4091 placuerit
506 4013 556 4074 vel
588 4023 675 4075 stare
705 4015 897 4092 ubicunque
933 4011 983 4074 vel
1015 4013 1287 4095 quandocunque
1318 4033 1424 4095 usque
1461 4012 1503 4075 ad
1536 4011 1761 4090 predictarum

316 4121 564 4200 expiracionem
587 4130 787 4202 treugarum,
811 4129 844 4180 et
876 4139 936 4180 eos
968 4139 1068 4197 super
1099 4119 1199 4181 fidem
1233 4130 1382 4183 nostram
1414 4139 1532 4200 puram
1557 4119 1762 4198 recipientes,

317 4246 550 4290 assecuramus
582 4236 615 4288 et
646 4227 748 4288 robur
779 4227 965 4290 securitatis
990 4226 1120 4288 firmum
1145 4227 1264 4290 stabile
1288 4239 1322 4289 et
1345 4225 1530 4307 plenarium
1555 4225 1764 4300 exhibemus,

316 4333 458 4396 fideliter
490 4335 730 4415 promittentes,
763 4334 854 4413 quod
887 4335 967 4414 ipsis
992 4353 1010 4394 a
1035 4335 1133 4395 nobis
1164 4333 1215 4396 vel
1240 4337 1362 4396 nostris
1386 4334 1649 4409 coadiutoribus,
1683 4351 1761 4394 con-

317 4443 508 4525 sanguineis
532 4451 565 4502 et
590 4442 706 4503 amicis
729 4460 769 4501 ac
794 4441 916 4503 nostris
940 4451 973 4502 et
997 4443 1144 4520 ipsorum
1169 4441 1323 4504 fidelibus
1346 4450 1415 4504 tam
1440 4446 1473 4504 in
1490 4444 1644 4523 personis
1660 4459 1762 4519 quam

318 4551 417 4612 rebus
442 4569 560 4613 eorum
585 4549 710 4610 nullum
742 4551 939 4627 vituperium
972 4548 1188 4628 dispendium
1221 4549 1421 4631 irrogabitur
1451 4549 1520 4610 sive
1544 4546 1608 4623 fiet,
1644 4547 1704 4608 sed
1730 4549 1763 4608 in

316 4657 471 4720 omnibus
495 4669 528 4719 et
545 4677 604 4737 per
620 4657 731 4738 omnia
747 4657 812 4718 sint
829 4658 993 4718 immunes
1008 4675 1028 4717 a
1044 4656 1141 4718 nobis
1158 4666 1191 4717 et
1207 4657 1330 4718 nostris
1346 4657 1470 4730 amicis,
1494 4657 1764 4736 consanguineis,

423 4857 451 4910 a)
471 4858 509 4910 ,et
525 4853 560 4904 ..⁸
579 4849 619 4902 In.
639 4867 655 4903 a
675 4848 781 4916 Kap.J.
802 4857 880 4913 ,et..
901 4850 938 4902 de
958 4847 1121 4903 Clinberch‘
1141 4847 1196 4900 Mn.
1217 4875 1248 4885 -
1269 4847 1299 4915 b)
1314 4846 1353 4912 ,P‘
1372 4847 1421 4914 In.,
1442 4847 1483 4912 ,C⁴
1498 4847 1571 4913 Kap.
1583 4845 1605 4913 J,
1618 4845 1655 4906 ,Z‘
1669 4845 1762 4898 Mn.-

316 4939 343 5008 c)
363 4943 429 5004 ,..‘
449 4955 485 4992 ue
503 4939 592 4992 triech
612 4940 654 4991 rlr.
683 4967 716 4976 —
745 4939 775 4994 dl
795 4938 942 5000 ‚fratribus
968 4938 1031 4992 eius
1056 4937 1244 5006 quibuslibet,
1270 4937 1497 5004 consanquineis
1520 4935 1581 4988 suis
1606 4942 1636 4987 et
1654 4934 1763 4986 amicis‘

317 5029 356 5082 ln.
377 5031 385 5082 i
405 5029 462 5082 Mn.
491 5057 524 5067 -
552 5032 580 5092 e)
599 5029 637 5089 .P·
658 5028 795 5092 ln.„..‘
816 5026 924 5096 Kap.J.
954 5055 986 5066 -··
1016 5026 1104 5095 l),ad
1125 5026 1306 5080 dominicam*
1326 5025 1364 5079 ln.
1394 5055 1427 5064 —-
1457 5025 1484 5094 g)
1504 5025 1582 5089 ,sive‘
1602 5023 1672 5091 Kap.
1687 5023 1709 5091 J.
1730 5051 1761 5060 -

318 5120 375 5185 hl,
378 5134 411 5172 ac
438 5123 614 5172 nostrorum·
639 5119 784 5186 doplneno
810 5133 827 5168 v
855 5115 894 5169 ln.
921 5132 958 5169 na
979 5117 1101 5183 olrraji
1092 5118 1172 5184 Jinou
1198 5117 1301 5170 rulrou.
1331 5143 1364 5154 -
1393 5114 1413 5182 i)
1433 5114 1472 5176 ,C.
1493 5114 1526 5170 G.
1546 5114 1624 5167 de..
1644 5113 1764 5166 villanis¹

316 5208 478 5277 Kap.J.-
496 5206 692 5277 JjDoplneno
711 5207 758 5260 dle
784 5207 839 5260 Mn
859 5207 966 5274 aKap.
985 5205 1007 5274 J.
