3988 5844
1046 362 1097 413 180

349 576 463 642 biskup,
489 591 506 625 v
526 561 659 629 Cechach
688 590 721 626 se
745 574 832 628 vsech
861 583 940 628 stran
969 574 1008 629 od
1038 573 1168 641 nepiatel
1187 573 1326 642 stlsndn51‚
1355 571 1500 626 toulebnd
1529 565 1617 625 domii
1647 570 1797 629 ocekaval

349 663 536 732 (Srov.r'1vod
553 663 577 717 11
594 665 630 730 4,)
649 664 711 717 List
724 663 937 732 pledchaaejlci
955 663 979 716 c.
996 667 1048 716 235
1067 664 1124 732 jest
1142 662 1245 716 ialoba
1264 677 1300 716 na
1314 660 1466 729 pustodenl
1484 661 1685 729 bislrupskych
1699 653 1798 712 statlri’r

351 770 365 806 a
385 770 408 810 r.
428 757 504 814 1289.
524 754 620 823 druhy
640 753 686 806 list
704 753 875 822 nasledujicl
894 752 916 804 d.
937 755 989 806 238
1009 751 1097 804 mluvl
1121 751 1158 820 jit
1178 751 1347 818 radostnym
1371 749 1470 802 tonem
1496 749 1655 802 ontvratu
1681 747 1798 801 lrrtlove

349 859 372 895 r.
394 847 470 896 1289.
491 841 593 895 Molno
613 841 682 910 tedy
702 843 711 894 i
730 849 812 895 tento
832 841 917 909 dopis
936 841 1028 894 temet
1048 857 1061 893 s
1079 841 1201 909 jistotou
1221 840 1330 906 pololit
1350 841 1430 892 dor.
1451 842 1530 892 1289.

1037 1129 1110 1191 237.

351 1290 475 1371 Biskup
505 1289 621 1353 Tobiae
641 1289 799 1372 zakaauje
829 1288 1003 1352 kterlmusi
1032 1287 1220 1372 krossklmu
1250 1289 1365 1351 soudci
1392 1289 1502 1350 soudr't
1520 1285 1679 1370 jaklltosi
1703 1293 1799 1364 opata

471 1419 492 1460 a
517 1400 604 1458 nutit
624 1395 646 1457 k
665 1399 797 1479 priseae
819 1417 841 1457 a
863 1395 960 1458 vdbec
982 1395 1101 1459 nlkolto
1124 1417 1144 1458 2
1166 1395 1258 1458 kleru
1280 1395 1370 1457 volat
1386 1394 1474 1477 pred
1493 1395 1572 1476 svrlj
1591 1393 1679 1456 sorcd.

1427 1533 1667 1612 (1279-1296
1666 1536 1692 1616 ).

440 1683 629 1762 Episcopus
653 1681 790 1745 mandat
813 1682 947 1744 cuidam
971 1681 1081 1758 iudici,
1106 1691 1143 1744 ut
1166 1682 1327 1743 abbatem
1352 1689 1386 1742 et
1409 1679 1510 1742 alium
1534 1678 1707 1742 clericum¹

787 1789 831 1851 ad
855 1789 1031 1852 iurandum
1055 1807 1124 1851 non
1147 1787 1373 1868 compelleret.

459 1944 651 2029 Th(obias)b
681 1949 735 2011 dei
760 1950 814 2011 dei
838 1952 948 2030 gracia
972 1957 1034 2011 etc.
1053 1948 1196 2011 honesto
1221 1952 1291 2011 viro
1309 1957 1344 2010 et
1359 1949 1506 2011 discreto
1532 1954 1579 2009 ..⁶
1605 1947 1706 2010 ludici
1723 1945 1798 2006 talis

355 2057 522 2137 provincie
546 2056 698 2118 salutem.
727 2055 889 2118 Miramur
913 2056 956 2117 de
979 2064 1087 2118 vestre
1111 2055 1328 2119 discrecionis
1352 2056 1578 2136 providencia,
1601 2053 1702 2136 quod.
1726 2071 1802 2116 cum

356 2166 481 2244 ubique
505 2175 677 2238 terrarum,
713 2164 905 2242 ubicunque
937 2163 1117 2225 christiana
1149 2165 1236 2244 viget
1260 2162 1384 2245 religio,
1420 2163 1531 2225 clerici
1562 2173 1630 2223 tarn
1655 2161 1801 2243 religiosi

356 2289 457 2350 quam
482 2271 650 2333 seculares
674 2280 708 2331 et
732 2272 882 2331 maxime
906 2269 1032 2332 domini
1061 2271 1201 2332 abbates
1227 2283 1261 2334 et
1285 2271 1404 2351 prelati
1428 2269 1575 2350 Jquilibet
1599 2290 1618 2330 a
1643 2272 1712 2330 suis
1735 2270 1802 2346 epi·

356 2379 468 2455 scopis
500 2387 533 2439 et
555 2395 622 2439 non
647 2377 690 2438 ab
715 2377 785 2438 aliis
810 2377 1005 2451 iudicentur,
1030 2379 1180 2457 exempti
1212 2382 1347 2459 penitus
1371 2400 1390 2440 a
1415 2379 1538 2441 iudicio
1569 2376 1717 2450 seculari,
1742 2395 1803 2436 vos

355 2495 467 2546 tamen
492 2485 669 2546 honestum
694 2494 727 2545 et
744 2484 935 2566 religiosum
952 2485 1066 2559 virum,
1090 2485 1264 2548 dominum
1290 2535 1321 2548 ..
1347 2486 1503 2548 abbatem
1528 2484 1571 2546 de
1596 2531 1628 2546 ..
1653 2483 1802 2545 iudicare

357 2601 474 2654 contra
498 2590 688 2654 libertatern
704 2591 964 2652 ecclesiasticam
980 2601 1107 2654 temere
1135 2594 1384 2672 presumpsistis
1408 2603 1442 2654 et
1466 2593 1577 2654 adhuc
1602 2589 1802 2670 compellitis

358 2697 401 2759 ad
425 2698 612 2760 iurandum.
652 2695 765 2776 Quare
789 2717 864 2760 cum
898 2699 962 2760 hoc
987 2701 1028 2760 sit
1059 2695 1256 2782 sacrilegum
1290 2709 1323 2761 et
1346 2700 1512 2778 iniustum,
1545 2719 1608 2762 nos
1632 2719 1677 2760 ex
1702 2696 1802 2760 olficii

358 2806 463 2867 nostri
487 2805 604 2867 debito
635 2817 773 2884 propter
805 2805 920 2867 salutis
944 2814 978 2867 et
1001 2805 1139 2869 honoris
1162 2808 1267 2869 nostri
1299 2806 1511 2886 dispendium
1535 2807 1568 2869 id
1593 2805 1803 2869 dissimulare

365 2911 574 2991 aliquatenus
606 2930 672 2973 non
704 2911 860 2988 valentes,
891 2913 1134 2975 discrecionem
1167 2924 1311 2976 vestram
1337 2933 1513 2977 monemus
1538 2913 1749 2993 presentibus
1772 2921 1804 2974 et

359 3018 541 3093 hortamur,
573 3019 771 3080 auctoritate
803 3019 898 3082 vobis
923 3019 1105 3100 pontificali
1136 3039 1202 3101 qua
1227 3020 1393 3104 fungimur
1424 3021 1560 3083 firmiter
1586 3022 1803 3102 iniungentes‚

330 3135 331 3138 ’
360 3137 524 3206 quatenus
540 3126 713 3189 dominum
731 3128 890 3188 abbatem
915 3170 946 3188 ..
972 3129 1159 3208 predictum
1178 3129 1220 3192 ad
1238 3130 1414 3191 iurandum
1439 3133 1472 3192 in
1495 3138 1604 3190 vestra
1629 3127 1802 3208 presencia

360 3233 549 3296 nullatenus
584 3231 794 3313 compellatis
825 3242 859 3296 et
883 3235 1065 3314 quemlibet
1097 3235 1197 3298 alium
1230 3236 1396 3313 prelatum
1427 3256 1486 3298 seu
1511 3235 1665 3297 clericum
1691 3252 1803 3312 presu-

358 3335 473 3402 matisd
497 3341 540 3402 de
564 3349 677 3401 cetero
701 3341 859 3415 iudicare,
891 3339 1039 3422 alioquin
1063 3351 1180 3403 contra
1203 3361 1263 3404 vos
1294 3361 1333 3404 ac
1358 3343 1529 3405 universos
1560 3341 1740 3422 complices
1772 3349 1804 3402 et

361 3447 512 3509 homines
536 3456 673 3522 vestros,
699 3447 775 3508 licet
799 3447 897 3523 inviti,
920 3449 991 3509 iure
1015 3447 1245 3512 ecclesiastico
1270 3450 1500 3528 procedemus.
1526 3447 1650 3512 Datum
1676 3459 1739 3511 etc.

467 3620 518 3674 Fol
539 3626 573 3675 39
587 3621 610 3675 d.
632 3625 692 3680 237,
711 3621 757 3675 tel
776 3638 794 3674 v
813 3623 951 3690 rukopise
971 3623 1101 3692 kapituly
1118 3623 1241 3677 Pralslre
1255 3623 1269 3692 J
1283 3621 1329 3676 ⁴0b
1349 3623 1396 3677 fol.
1418 3628 1477 3678 263.

1047 3912 1120 3976 238.

362 4051 487 4132 Biskup
517 4052 546 4115 T
542 4053 633 4114 abiail
655 4054 823 4134 oanamujc
838 4053 928 4142 lerdlz'
943 4049 1161 4137 (Va'clavovi),
1179 4061 1216 4118 ae
1231 4077 1263 4119 se
1277 4057 1333 4139 ji}
1355 4056 1516 4130 usdravil,
1540 4054 1656 4138 dlkujc
1678 4077 1743 4131 mu,
1767 4057 1806 4120 ἐι

363 4179 398 4221 se
420 4159 460 4220 lto
484 4158 558 4222 chre
581 4159 721 4242 ujmoutr'
736 4163 829 4242 proti
848 4161 1056 4241 nepr'a'lelrlm‚
1084 4164 1164 4244 pile,
1189 4167 1224 4224 ale
1247 4183 1264 4223 s
1288 4162 1387 4226 dltmi
1400 4162 1488 4246 jelen,
1504 4163 1565 4245 sed
1586 4163 1639 4226 dle
1661 4163 1803 4226 rozkaau

534 4266 745 4330 lerdlevskdlzo
768 4271 966 4350 navltlvuje,
990 4268 1129 4331 odekdva'
1147 4269 1288 4351 pr'z'clzod
1309 4269 1428 4332 kra'lrlv
1451 4271 1492 4333 do
1518 4270 1635 4351 Prahy.

1354 4407 1460 4492 (1289
1474 4422 1519 4496 po
1541 4417 1569 4474 6
1586 4411 1698 4496 rz'y'ttu).

423 4549 613 4632 Episcopus
637 4551 751 4613 scribit
775 4555 853 4633 regi,
878 4551 969 4632 quod
995 4553 1087 4614 iuxta
1111 4553 1306 4615 mandatum
1330 4557 1402 4617 eius
1427 4555 1594 4616 vulteum
1620 4565 1745 4634 presto-

868 4658 926 4721 lari
950 4659 1043 4720 iuxta
1067 4679 1190 4740 pueros
1214 4679 1302 4724 suos

471 4797 581 4881 Super
613 4803 850 4882 compassione
884 4801 1084 4864 infirmitatis
1115 4811 1243 4864 nostree
1279 4822 1318 4865 ac
1349 4805 1500 4868 eiusdem
1535 4805 1808 4870 convalescencie

363 4907 590 4991 gratulacione
616 4907 820 4970 excellencie
837 4917 944 4970 vestre
968 4910 1011 4972 ad
1029 4913 1214 4991 graciarum
1231 4911 1415 4974 uberrimas
1431 4915 1587 4975 acciones
1602 4923 1807 4996 asurgenteS,

473 5099 500 5167 a)
521 5100 646 5165 ‚clerum
667 5099 707 5152 ln.
736 5129 767 5138 -
798 5099 827 5169 b)
847 5101 905 5170 ,Jof
926 5101 998 5170 Kap.
1011 5101 1032 5170 J.
1062 5131 1094 5140 ·-
1123 5100 1150 5170 c)
1170 5105 1219 5164 ,C.‘
1239 5103 1311 5170 Kap.
1324 5104 1347 5174 J.
1371 5133 1404 5144 -
1424 5105 1454 5172 d)
1474 5105 1754 5171 ‚presumentes‘ln
1775 5135 1808 5145 -

366 5189 393 5259 c)
412 5191 507 5256 ‚nunc‘
525 5188 573 5252 ln„
594 5195 710 5252 ,nostre‘
729 5187 801 5258 Kap.
815 5189 837 5260 J.
