3968 5848
1020 355 1073 404 146

323 569 416 650 vigor
440 569 520 630 iuris
552 587 652 649 quarn
684 568 770 630 ordo
801 567 950 647 postulat
981 569 1134 646 racionis,
1166 576 1202 630 ut
1226 567 1258 630 id
1283 567 1327 630 ad
1359 565 1592 629 exaudicionis
1623 566 1772 648 graciam

323 673 549 739 favorabiliter
573 674 798 738 admittamus.
823 675 878 736 Pie
901 694 1048 757 namque
1072 683 1106 737 et
1121 675 1206 738 iuste
1231 674 1420 754 postulacio
1443 673 1623 736 voluntatis
1648 673 1773 734 effectu

324 783 427 846 debet
451 791 675 862 prosequente
700 782 869 862 compleri,
900 791 938 845 ut
968 791 1002 843 et
1025 781 1221 845 devocionis
1251 784 1427 844 sinceritas
1458 780 1672 843 laudabiliter
1704 780 1772 842 eni·

321 899 430 952 tescat
453 899 487 951 et
518 889 641 952 utilitas
673 889 841 969 postulata
871 890 956 952 vires
989 889 1216 952 indubitanter
1240 899 1397 951 assumat.
1437 887 1626 968 Eapropter
1654 895 1774 948 notum

324 1015 398 1060 esse
422 995 574 1058 volumus
597 998 760 1060 universis
783 1005 850 1060 tam
875 997 1087 1076 presentibus
1110 1015 1212 1078 quam
1228 994 1357 1070 futuris,
1381 995 1473 1075 quod
1498 1013 1561 1056 nos
1585 995 1629 1056 ad
1655 1012 1774 1074 preces

323 1114 357 1165 ct
380 1103 537 1166 devotam
562 1105 759 1166 instanciam
791 1103 952 1166 nobilium
983 1105 1131 1166 virorum
1156 1103 1285 1165 domini
1309 1101 1445 1164 Henrici
1468 1102 1549 1164 dicti
1572 1101 1615 1163 de
1640 1101 1772 1163 Rosen·

323 1210 422 1272 beri<a
447 1220 480 1273 et
503 1209 632 1274 domini
648 1210 778 1273 Alberti
802 1211 880 1273 dicti
904 1211 948 1272 de
964 1209 1139 1288 Stropnicz
1156 1212 1381 1273 donacionem
1405 1210 1600 1291 legittimam
1624 1204 1674 1270 etl’
1699 1228 1771 1288 per·

324 1316 445 1380 lectam
462 1319 540 1380 iuris
557 1327 754 1396 patronatus
770 1318 987 1382 ecclesiarum
1008 1320 1042 1381 in
1059 1316 1249 1380 Rosmberk
1266 1327 1299 1380 et
1316 1321 1348 1379 in
1365 1315 1569 1395 Stropnicz,c
1592 1319 1626 1378 in
1649 1315 1772 1396 quibus

322 1425 385 1502 ipsi
408 1425 458 1486 ius
475 1425 609 1505 plenum
634 1426 832 1489 obtinebant
854 1434 1061 1505 patronatus,
1086 1445 1145 1504 per
1169 1423 1309 1487 eosdem
1326 1424 1456 1487 nobiles
1480 1425 1541 1486 rite
1565 1434 1598 1487 et
1622 1421 1774 1486 raciona-

323 1531 431 1594 biliter
461 1526 630 1613 (laetam)d
658 1532 911 1595 honorabilibus
946 1535 1021 1596 viris
1057 1533 1195 1595 domino
1226 1530 1345 1596 Ottoni
1380 1534 1497 1595 abbati
1527 1543 1562 1592 et
1593 1531 1773 1594 conventui

323 1658 363 1700 ac
387 1643 591 1701 monasterio
615 1642 764 1719 ipsorum
789 1641 821 1702 in
845 1638 925 1701 Alto
952 1639 1054 1702 Vado
1078 1640 1203 1703 ordinis
1219 1640 1451 1720 {cisterciensis
1475 1647 1589 1701 nostre
1618 1639 1775 1716 dyocesis

323 1746 457 1825 pietatis
482 1747 603 1808 intuitu
627 1755 661 1808 et
684 1766 744 1827 pro
769 1766 907 1809 suorum
931 1747 1079 1810 remedio
1105 1758 1323 1825 peccatorum
1346 1754 1403 1809 exe
1428 1767 1528 1809 causa
1553 1745 1773 1808 saluberrima

324 1863 358 1915 et
381 1853 523 1915 honesta
540 1854 739 1915 auctoritate
763 1873 829 1934 qua
846 1853 1014 1935 fungimur
1038 1873 1083 1916 ex
1106 1863 1198 1916 certa
1215 1853 1360 1917 sciencia
1377 1852 1615 1916 confirmamus
1640 1861 1673 1913 et
1697 1871 1770 1932 pre-

323 1962 426 2022 sentis
457 1961 572 2037 scripti
604 1961 793 2039 patrocinio
824 1962 1077 2036 communimus,
1108 1963 1152 2024 ita
1177 1970 1214 2023 ut
1237 1960 1441 2042 prefatarum
1473 1960 1690 2022 ecclesiarum
1722 1960 1773 2019 ius

323 2075 520 2145 patronatus
544 2086 620 2128 cum
646 2069 804 2130 omnibus
827 2069 894 2130 suis
919 2070 1135 2148 pertinenciis
1159 2067 1202 2130 ad
1227 2069 1398 2147 predictos
1415 2068 1586 2130 dominum
1611 2068 1771 2129 abbatem

322 2181 357 2235 et
380 2182 580 2236 conventum
606 2193 645 2236 ac
670 2176 910 2237 monasterium
944 2178 1093 2252 ipsorum
1118 2176 1183 2237 iam
1208 2168 1408 2256 predictums
1439 2177 1473 2236 in
1498 2183 1699 2254 perpetuum
1723 2175 1769 2234 in-

322 2281 519 2343 violabiliter
536 2283 661 2344 debeat
685 2285 863 2360 pertinere.
888 2281 978 2344 Nulli
1002 2302 1082 2365 ergo
1106 2285 1244 2345 omnino
1261 2283 1432 2345 hominum
1458 2284 1556 2346 liceat
1579 2283 1666 2343 hanc
1692 2299 1771 2343 con·

322 2387 544 2450 firmacionis⁸
566 2390 724 2470 paginam
758 2388 934 2470 infringere
966 2399 1024 2452 aut
1054 2390 1084 2452 ei
1108 2410 1192 2453 ausu
1215 2393 1395 2452 temerario
1420 2390 1596 2454 contraire.
1637 2387 1673 2452 Si
1699 2389 1771 2468 quis

322 2502 434 2556 autem
458 2496 663 2557 contrarium
676 2504 875 2576 attemptare
893 2497 1140 2576 presumpserit,
1164 2497 1431 2580 indignacionem
1450 2497 1691 2576 omnipotentis
1716 2495 1772 2557 dei

322 2611 356 2662 et
380 2603 557 2664 beatorum
582 2602 674 2678 Witi,
699 2601 904 2682 Wencezlay
920 2613 1021 2685 atque
1038 2602 1213 2667 Adalberti
1229 2607 1404 2667 martirum
1421 2624 1460 2666 ac
1477 2602 1617 2666 aliorum
1635 2612 1770 2666 sancto·

321 2728 394 2770 rum
418 2710 567 2772 omnium
591 2728 627 2772 se
644 2711 773 2772 noverit
789 2711 1007 2774 incursurum.
1034 2711 1071 2773 ln
1087 2711 1181 2774 cuius
1204 2704 1283 2774 etch.

431 2865 501 2919 Tato
520 2865 617 2919 listina
634 2867 791 2920 zachovala
809 2882 841 2920 se
860 2867 905 2919 tel
924 2883 941 2918 v
960 2868 1106 2938 originale.
1125 2867 1266 2938 'Pangerl
1291 2868 1531 2923 Urlrundenbuch
1551 2883 1575 2927 u.
1595 2869 1770 2938 Hohcnsurt,

323 2953 432 3006 Fontes
451 2968 506 3008 rer.
525 2956 616 3019 Aust,
635 2953 669 3018 ll,
691 2954 787 3008 XXlll
807 2962 856 3008 str.
877 2960 926 3019 39;
947 2957 1045 3010 Emler
1064 2957 1120 3010 RB.
1141 2957 1166 3010 II
1186 2957 1208 3011 ὅ.
1231 2961 1309 3012 1495.

1012 3246 1084 3308 186.

324 3379 449 3462 Biskup
471 3382 588 3446 Tobrb'sv
609 3385 758 3467 narr'ause
773 3385 934 3450 dlkanovi
952 3385 1201 3469 Cty‘novskemu,
1226 3389 1286 3471 uby
1309 3389 1455 3454 cz'rkevnl
1470 3412 1625 3455 censurou
1643 3395 1771 3476 ph'mll

351 3491 462 3570 bratry
487 3488 695 3573 (Budr'vojei)
719 3513 740 3552 a
766 3488 921 3575 (Jenceil
945 3494 967 3555 k
989 3495 1115 3574 vyda'nz'
1133 3498 1185 3558 vsi
1207 3495 1417 3580 biskupskjlclr
1440 3497 1552 3579 ,Plan‘
1575 3522 1595 3560 α
1620 3501 1738 3566 Lama.

1531 3658 1658 3744 (1289).

446 3793 635 3874 Episcopus
660 3797 797 3859 mandat
822 3799 960 3875 decano,
986 3808 1022 3861 ut
1045 3799 1205 3864 ecclesias
1229 3803 1404 3866 vastatoris
1428 3806 1644 3884 episcopatus

604 3903 778 3984 Pragensis
803 3907 1010 3984 subponeret
1034 3909 1264 3972 ecclesiastico
1289 3909 1476 3974 interdicto

429 4040 618 4126 Th(obias)i
645 4047 698 4108 dei
723 4049 836 4128 gracia
861 4059 924 4110 etc.
951 4049 1075 4111 dilecto
1108 4054 1140 4112 in
1165 4049 1299 4116 Christo
1324 4054 1391 4117 filio
1417 4053 1460 4116 M.
1484 4055 1615 4116 decano
1641 4054 1764 4118 Chino-

323 4153 413 4212 censi
426 4146 452 4224 ι)
486 4152 626 4214 salutem
658 4163 720 4214 etc.
753 4152 838 4216 Cum
862 4150 1096 4240 (Budivojtpt)
1131 4169 1163 4220 et
1193 4154 1366 4243 Jlenco?)¹‘
1395 4160 1512 4224 fratres
1545 4163 1622 4225 dicti
1658 4165 1700 4226 de
1726 4215 1731 4226 .
1761 4213 1767 4227 .

322 4251 409 4318 Plan¹
422 4253 447 4339 ³)
473 4268 506 4320 et
531 4255 673 4341 Lsin¹¹¹⁴)
698 4260 792 4324 villas
815 4265 1033 4342 episcopatus
1064 4267 1165 4327 nostri
1191 4268 1255 4328 iarn
1289 4267 1414 4330 dudum
1440 4279 1567 4332 temere
1591 4271 1765 4334 detineant

322 4375 513 4443 occupatas,
537 4375 570 4428 et
587 4385 648 4428 nos
673 4367 706 4429 id
725 4377 862 4448 propter
886 4369 973 4433 lame
998 4381 1031 4432 et
1048 4373 1164 4435 salutis
1189 4383 1300 4436 nostre
1320 4375 1533 4455 dispendium
1557 4377 1769 4441 dissimulare

428 4555 455 4623 a)
480 4556 678 4620 ‚Rosmbercb‘
707 4561 777 4630 orig.
805 4591 836 4599 -
863 4560 892 4630 b)
919 4569 964 4622 ,et‘
993 4563 1089 4616 senari
1116 4582 1134 4617 v
1159 4566 1229 4630 orig.
1258 4595 1291 4603 -
1321 4583 1347 4630 c)
1366 4567 1535 4636 ,Stropnicz,
1564 4585 1617 4638 per
1644 4571 1766 4624 eosdem

321 4645 432 4697 nobiles
452 4646 506 4697 rite
525 4655 554 4699 et
567 4650 781 4704 racionabiliter
800 4651 827 4703 in
847 4653 954 4719 quibus
973 4653 1026 4718 ipsi
1045 4655 1090 4706 ius
1109 4655 1225 4721 plenum
1251 4657 1422 4711 obtinebant
1442 4666 1621 4724 patronatus,
1642 4660 1767 4714 bonora-

321 4731 435 4786 bilibus‘
454 4733 503 4799 ln,
522 4739 649 4807 spravny
667 4739 814 4793 slovosled
834 4757 851 4792 v
871 4743 940 4810 orig.
960 4771 994 4780 -
1013 4743 1044 4807 d)
1066 4743 1218 4810 Doplneno
1238 4746 1325 4813 podle
1344 4747 1414 4817 orig.
1439 4777 1470 4786 --
1492 4749 1519 4818 e)
1539 4751 1629 4816 ,quod
1648 4757 1695 4804 ex‘
1715 4749 1767 4813 ln,

321 4823 377 4885 ,ex‘
396 4823 465 4893 orig.
486 4854 518 4862 -
539 4825 562 4893 f)
584 4828 647 4886 ‚iam
662 4829 824 4894 predictum
847 4837 876 4882 et
897 4846 1085 4886 successores
1108 4835 1277 4887 eorundem¹
1297 4837 1367 4906 orig.
1388 4866 1418 4874 -
1441 4836 1469 4908 g)
1489 4847 1598 4900 ,nostre
1617 4841 1766 4894 confirma·

320 4911 421 4963 cionis‘
440 4914 511 4980 orig.
532 4944 564 4953 —
586 4915 615 4980 h)
636 4918 686 4980 ,rei
705 4920 901 4973 testimonium
920 4923 999 4974 istud
1017 4924 1158 4991 scriptum
1178 4923 1239 4978 fieri
1259 4935 1288 4979 et
1306 4927 1389 4994 sigilli
1409 4928 1500 4980 nostri
1520 4929 1676 4982 munimine
1698 4927 1766 4984 leci·

320 5017 384 5053 mus
404 5003 544 5056 roborari.
582 5005 690 5059 Datum
711 5006 808 5077 Prage,
834 5026 910 5062 anno
936 5011 1045 5064 domini
1071 5009 1112 5064 Μο
1131 5011 1193 5068 CC⁰
1213 5015 1361 5079 LXXXX,
1383 5015 1464 5069 Xlll⁰
1483 5017 1629 5072 Kalendas
1649 5020 1766 5090 Aprilis,

321 5090 507 5156 pontificatus
526 5107 597 5148 vero
617 5097 708 5148 nostri
733 5113 809 5151 anno
829 5099 1012 5168 duodecimo,
1041 5103 1211 5158 indictionis
1230 5105 1329 5158 tercie*
1348 5107 1418 5176 orig.
1446 5136 1478 5145 -
1505 5107 1524 5175 i)
1538 5106 1587 5174 ,Jo‘
1602 5111 1702 5180 Kap.J
1735 5142 1762 5150 -

319 5177 340 5246 j)
360 5179 410 5237 ,R.⁴
430 5179 461 5232 ln
490 5209 523 5218 -
544 5184 573 5248 k)
594 5182 642 5248 ,C.¹
663 5184 735 5252 Kap.
748 5187 771 5255 J.
794 5217 824 5226 —
846 5189 864 5252 l)
884 5188 986 5242 Schazr'
1006 5208 1023 5243 v
1037 5191 1149 5260 Kap.J.‚
1170 5201 1208 5256 ,et
1227 5195 1303 5248 Plan*
1322 5195 1363 5248 ln.
1384 5225 1416 5234 -
1437 5195 1476 5267 rn)
1496 5197 1599 5253 Schazi
1618 5217 1636 5252 v
1656 5201 1729 5268 Kap.
1743 5203 1765 5272 J.
