<?xml version="1.0" encoding="UTF-8"?>
<!DOCTYPE html PUBLIC "-//W3C//DTD XHTML 1.0 Transitional//EN"
    "http://www.w3.org/TR/xhtml1/DTD/xhtml1-transitional.dtd">
<html xmlns="http://www.w3.org/1999/xhtml" xml:lang="en" lang="en">
 <head>
  <title>
</title>
<meta http-equiv="Content-Type" content="text/html;charset=utf-8" />
  <meta name='ocr-system' content='tesseract 3.04.00' />
  <meta name='ocr-capabilities' content='ocr_page ocr_carea ocr_par ocr_line ocrx_word'/>
</head>
<body>
  <div class='ocr_page' id='page_1' title='image "./formulbiskupato00novgoog_0058.png"; bbox 0 0 4008 5846; ppageno 0'>
   <div class='ocr_carea' id='block_1_1' title="bbox 1068 387 1100 438">
    <p class='ocr_par' dir='ltr' id='par_1_1' title="bbox 1068 387 1100 438">
     <span class='ocr_line' id='line_1_1' title="bbox 1068 387 1100 438; baseline 0.063 -2"><span class='ocrx_word' id='word_1_1' title='bbox 1068 387 1100 438; x_wconf 83' lang='lat'><strong>16</strong></span> 
     </span>
    </p>
   </div>
   <div class='ocr_carea' id='block_1_2' title="bbox 359 595 1810 1968">
    <p class='ocr_par' dir='ltr' id='par_1_2' title="bbox 359 595 1810 1968">
     <span class='ocr_line' id='line_1_2' title="bbox 366 595 1810 685; baseline 0.001 -21"><span class='ocrx_word' id='word_1_2' title='bbox 366 601 472 664; x_wconf 91' lang='lat' dir='ltr'><strong>sancti</strong></span> <span class='ocrx_word' id='word_1_3' title='bbox 495 595 641 685; x_wconf 85' lang='lat' dir='ltr'><strong>Ja(cobi)</strong></span> <span class='ocrx_word' id='word_1_4' title='bbox 666 602 811 682; x_wconf 85' lang='lat' dir='ltr'><strong>apostoli</strong></span> <span class='ocrx_word' id='word_1_5' title='bbox 836 612 869 665; x_wconf 87' lang='lat' dir='ltr'><strong>et</strong></span> <span class='ocrx_word' id='word_1_6' title='bbox 892 602 997 664; x_wconf 86' lang='lat' dir='ltr'><strong>sancti</strong></span> <span class='ocrx_word' id='word_1_7' title='bbox 1023 600 1220 666; x_wconf 91' lang='lat' dir='ltr'><strong>Christofori</strong></span> <span class='ocrx_word' id='word_1_8' title='bbox 1245 604 1401 676; x_wconf 86' lang='lat' dir='ltr'><strong>martiris,</strong></span> <span class='ocrx_word' id='word_1_9' title='bbox 1426 604 1506 665; x_wconf 90' lang='lat' dir='ltr'><strong>sitas</strong></span> <span class='ocrx_word' id='word_1_10' title='bbox 1532 604 1564 664; x_wconf 93' lang='lat' dir='ltr'><strong>in</strong></span> <span class='ocrx_word' id='word_1_11' title='bbox 1588 601 1676 665; x_wconf 89' lang='lat' dir='ltr'>Thin</span> <span class='ocrx_word' id='word_1_12' title='bbox 1702 604 1810 684; x_wconf 91' lang='lat' dir='ltr'><strong>opido</strong></span> 
     </span>
     <span class='ocr_line' id='line_1_3' title="bbox 363 707 1809 792; baseline 0.003 -23"><span class='ocrx_word' id='word_1_13' title='bbox 363 707 490 771; x_wconf 89' lang='lat' dir='ltr'><strong>forensi</strong></span> <span class='ocrx_word' id='word_1_14' title='bbox 513 709 728 788; x_wconf 87' lang='lat' dir='ltr'>episcopatus</span> <span class='ocrx_word' id='word_1_15' title='bbox 752 708 936 792; x_wconf 88' lang='lat' dir='ltr'><strong>Pragensis,</strong></span> <span class='ocrx_word' id='word_1_16' title='bbox 961 710 993 771; x_wconf 93' lang='lat' dir='ltr'><strong>in</strong></span> <span class='ocrx_word' id='word_1_17' title='bbox 1018 709 1249 772; x_wconf 88' lang='lat' dir='ltr'><strong>anniversariis</strong></span> <span class='ocrx_word' id='word_1_18' title='bbox 1273 709 1392 772; x_wconf 89' lang='lat' dir='ltr'><strong>diebus</strong></span> <span class='ocrx_word' id='word_1_19' title='bbox 1416 708 1673 773; x_wconf 87' lang='lat' dir='ltr'><strong>dedicacionum</strong></span> <span class='ocrx_word' id='word_1_20' title='bbox 1697 712 1809 774; x_wconf 88' lang='lat' dir='ltr'><strong>eccle·</strong></span> 
     </span>
     <span class='ocr_line' id='line_1_4' title="bbox 362 815 1808 899; baseline 0.003 -22"><span class='ocrx_word' id='word_1_21' title='bbox 362 818 484 878; x_wconf 87' lang='lat' dir='ltr'><strong>siarum</strong></span> <span class='ocrx_word' id='word_1_22' title='bbox 509 818 655 895; x_wconf 91' lang='lat' dir='ltr'><strong>ipsarum</strong></span> <span class='ocrx_word' id='word_1_23' title='bbox 679 826 712 876; x_wconf 90' lang='lat' dir='ltr'><strong>et</strong></span> <span class='ocrx_word' id='word_1_24' title='bbox 736 815 940 899; x_wconf 88' lang='lat' dir='ltr'><strong>singulorum</strong></span> <span class='ocrx_word' id='word_1_25' title='bbox 964 815 1128 894; x_wconf 90' lang='lat' dir='ltr'><strong>altarium,</strong></span> <span class='ocrx_word' id='word_1_26' title='bbox 1151 837 1216 898; x_wconf 91' lang='lat' dir='ltr'><strong>que</strong></span> <span class='ocrx_word' id='word_1_27' title='bbox 1235 818 1457 892; x_wconf 88' lang='lat' dir='ltr'><strong>continentur,</strong></span> <span class='ocrx_word' id='word_1_28' title='bbox 1474 826 1507 878; x_wconf 89' lang='lat' dir='ltr'><strong>et</strong></span> <span class='ocrx_word' id='word_1_29' title='bbox 1524 820 1557 879; x_wconf 94' lang='lat' dir='ltr'><strong>in</strong></span> <span class='ocrx_word' id='word_1_30' title='bbox 1574 815 1808 881; x_wconf 85' lang='lat' dir='ltr'><strong>festivitatibus</strong></span> 
     </span>
     <span class='ocr_line' id='line_1_5' title="bbox 361 919 1808 1005; baseline 0.003 -21"><span class='ocrx_word' id='word_1_31' title='bbox 361 924 510 1004; x_wconf 86' lang='lat' dir='ltr'><strong>predicte</strong></span> <span class='ocrx_word' id='word_1_32' title='bbox 526 922 630 984; x_wconf 86' lang='lat' dir='ltr'><strong>Marie</strong></span> <span class='ocrx_word' id='word_1_33' title='bbox 646 923 785 1005; x_wconf 70' lang='lat' dir='ltr'><strong>virginis</strong></span> <span class='ocrx_word' id='word_1_34' title='bbox 798 927 903 986; x_wconf 85' lang='lat' dir='ltr'><strong>sancti</strong></span> <span class='ocrx_word' id='word_1_35' title='bbox 916 921 1046 1004; x_wconf 76' lang='lat' dir='ltr'><strong>la(cobi</strong></span> <span class='ocrx_word' id='word_1_36' title='bbox 1059 919 1233 1004; x_wconf 82' lang='lat' dir='ltr'><strong>apostoli)²</strong></span> <span class='ocrx_word' id='word_1_37' title='bbox 1256 932 1289 984; x_wconf 90' lang='lat' dir='ltr'><strong>et</strong></span> <span class='ocrx_word' id='word_1_38' title='bbox 1298 925 1402 986; x_wconf 88' lang='lat' dir='ltr'><strong>saneti</strong></span> <span class='ocrx_word' id='word_1_39' title='bbox 1415 919 1626 986; x_wconf 88' lang='lat' dir='ltr'><strong>Christoforib</strong></span> <span class='ocrx_word' id='word_1_40' title='bbox 1647 925 1683 1002; x_wconf 82' lang='lat' dir='ltr'><strong>(s</strong></span> <span class='ocrx_word' id='word_1_41' title='bbox 1699 923 1808 1003; x_wconf 89' lang='lat' dir='ltr'><strong>Tyrsi,</strong></span> 
     </span>
     <span class='ocr_line' id='line_1_6' title="bbox 361 1029 1806 1111; baseline 0.001 -19"><span class='ocrx_word' id='word_1_42' title='bbox 361 1051 386 1093; x_wconf 93' lang='lat' dir='ltr'><strong>s.</strong></span> <span class='ocrx_word' id='word_1_43' title='bbox 410 1029 575 1106; x_wconf 90' lang='lat' dir='ltr'><strong>Stanislai,</strong></span> <span class='ocrx_word' id='word_1_44' title='bbox 600 1049 623 1091; x_wconf 78' lang='lat' dir='ltr'><strong>a.</strong></span> <span class='ocrx_word' id='word_1_45' title='bbox 650 1029 789 1106; x_wconf 90' lang='lat' dir='ltr'><strong>Nicolai,</strong></span> <span class='ocrx_word' id='word_1_46' title='bbox 814 1051 837 1092; x_wconf 90' lang='lat' dir='ltr'><strong>s.</strong></span> <span class='ocrx_word' id='word_1_47' title='bbox 863 1030 1018 1111; x_wconf 86' lang='lat' dir='ltr'><strong>Procopii</strong></span> <span class='ocrx_word' id='word_1_48' title='bbox 1049 1049 1181 1093; x_wconf 87' lang='lat' dir='ltr'>necnon</span> <span class='ocrx_word' id='word_1_49' title='bbox 1213 1051 1237 1092; x_wconf 87' lang='lat' dir='ltr'><strong>s.</strong></span> <span class='ocrx_word' id='word_1_50' title='bbox 1263 1032 1380 1106; x_wconf 78' lang='lat' dir='ltr'><strong>cruciS,</strong></span> <span class='ocrx_word' id='word_1_51' title='bbox 1409 1049 1434 1092; x_wconf 92' lang='lat' dir='ltr'><strong>s.</strong></span> <span class='ocrx_word' id='word_1_52' title='bbox 1460 1030 1632 1094; x_wconf 86' lang='lat' dir='ltr'><strong>Michaelis</strong></span> <span class='ocrx_word' id='word_1_53' title='bbox 1667 1031 1806 1094; x_wconf 90' lang='lat' dir='ltr'><strong>archan·</strong></span> 
     </span>
     <span class='ocr_line' id='line_1_7' title="bbox 359 1136 1808 1222; baseline 0.001 -22"><span class='ocrx_word' id='word_1_54' title='bbox 359 1138 425 1222; x_wconf 87' lang='lat' dir='ltr'><strong>geli</strong></span> <span class='ocrx_word' id='word_1_55' title='bbox 442 1148 475 1199; x_wconf 89' lang='lat' dir='ltr'><strong>et</strong></span> <span class='ocrx_word' id='word_1_56' title='bbox 491 1158 516 1200; x_wconf 93' lang='lat' dir='ltr'><strong>s.</strong></span> <span class='ocrx_word' id='word_1_57' title='bbox 534 1137 632 1199; x_wconf 88' lang='lat' dir='ltr'><strong>Blasii</strong></span> <span class='ocrx_word' id='word_1_58' title='bbox 649 1140 793 1200; x_wconf 89' lang='lat' dir='ltr'><strong>martiris</strong></span> <span class='ocrx_word' id='word_1_59' title='bbox 811 1157 850 1200; x_wconf 89' lang='lat' dir='ltr'><strong>ac</strong></span> <span class='ocrx_word' id='word_1_60' title='bbox 874 1158 899 1202; x_wconf 92' lang='lat' dir='ltr'><strong>s.</strong></span> <span class='ocrx_word' id='word_1_61' title='bbox 918 1136 1115 1216; x_wconf 87' lang='lat' dir='ltr'><strong>Margarete,</strong></span> <span class='ocrx_word' id='word_1_62' title='bbox 1132 1137 1298 1212; x_wconf 87' lang='lat' dir='ltr'><strong>Katerine,</strong></span> <span class='ocrx_word' id='word_1_63' title='bbox 1316 1138 1471 1200; x_wconf 89' lang='lat' dir='ltr'><strong>undecim</strong></span> <span class='ocrx_word' id='word_1_64' title='bbox 1489 1138 1626 1200; x_wconf 92' lang='lat' dir='ltr'><strong>millium</strong></span> <span class='ocrx_word' id='word_1_65' title='bbox 1642 1141 1808 1221; x_wconf 90' lang='lat' dir='ltr'><strong>virginum</strong></span> 
     </span>
     <span class='ocr_line' id='line_1_8' title="bbox 362 1243 1808 1323; baseline 0.001 -16"><span class='ocrx_word' id='word_1_66' title='bbox 362 1266 402 1308; x_wconf 90' lang='lat' dir='ltr'><strong>ac</strong></span> <span class='ocrx_word' id='word_1_67' title='bbox 434 1265 459 1307; x_wconf 93' lang='lat' dir='ltr'><strong>s.</strong></span> <span class='ocrx_word' id='word_1_68' title='bbox 493 1243 680 1323; x_wconf 82' lang='lat' dir='ltr'><strong>Elisabeth)</strong></span> <span class='ocrx_word' id='word_1_69' title='bbox 710 1251 825 1307; x_wconf 80' lang='lat' dir='ltr'><strong>causac</strong></span> <span class='ocrx_word' id='word_1_70' title='bbox 856 1244 1050 1306; x_wconf 88' lang='lat' dir='ltr'><strong>devocionis</strong></span> <span class='ocrx_word' id='word_1_71' title='bbox 1085 1247 1292 1307; x_wconf 87' lang='lat' dir='ltr'><strong>accesseritis</strong></span> <span class='ocrx_word' id='word_1_72' title='bbox 1327 1246 1511 1318; x_wconf 87' lang='lat' dir='ltr'><strong>annuatim,</strong></span> <span class='ocrx_word' id='word_1_73' title='bbox 1546 1257 1604 1308; x_wconf 90' lang='lat' dir='ltr'><strong>aut</strong></span> <span class='ocrx_word' id='word_1_74' title='bbox 1634 1247 1677 1308; x_wconf 91' lang='lat' dir='ltr'><strong>de</strong></span> <span class='ocrx_word' id='word_1_75' title='bbox 1710 1247 1808 1308; x_wconf 92' lang='lat' dir='ltr'><strong>bonis</strong></span> 
     </span>
     <span class='ocr_line' id='line_1_9' title="bbox 361 1352 1810 1433; baseline 0 -19"><span class='ocrx_word' id='word_1_76' title='bbox 361 1375 380 1414; x_wconf 87' lang='lat' dir='ltr'><strong>a</strong></span> <span class='ocrx_word' id='word_1_77' title='bbox 405 1354 471 1415; x_wconf 90' lang='lat' dir='ltr'><strong>deo</strong></span> <span class='ocrx_word' id='word_1_78' title='bbox 495 1353 590 1415; x_wconf 90' lang='lat' dir='ltr'><strong>vobis</strong></span> <span class='ocrx_word' id='word_1_79' title='bbox 614 1352 741 1415; x_wconf 89' lang='lat' dir='ltr'><strong>collatis</strong></span> <span class='ocrx_word' id='word_1_80' title='bbox 764 1353 796 1413; x_wconf 95' lang='lat' dir='ltr'><strong>in</strong></span> <span class='ocrx_word' id='word_1_81' title='bbox 821 1353 1006 1415; x_wconf 86' lang='lat' dir='ltr'><strong>subsidium</strong></span> <span class='ocrx_word' id='word_1_82' title='bbox 1032 1352 1213 1414; x_wconf 88' lang='lat' dir='ltr'><strong>earundem</strong></span> <span class='ocrx_word' id='word_1_83' title='bbox 1239 1352 1462 1426; x_wconf 85' lang='lat' dir='ltr'><strong>ecclesiarum,</strong></span> <span class='ocrx_word' id='word_1_84' title='bbox 1494 1371 1559 1433; x_wconf 92' lang='lat' dir='ltr'><strong>que</strong></span> <span class='ocrx_word' id='word_1_85' title='bbox 1584 1353 1810 1431; x_wconf 88' lang='lat' dir='ltr'><strong>multipliciter</strong></span> 
     </span>
     <span class='ocr_line' id='line_1_10' title="bbox 361 1454 1806 1541; baseline 0.001 -19"><span class='ocrx_word' id='word_1_86' title='bbox 361 1457 481 1523; x_wconf 89' lang='lat' dir='ltr'><strong>Christi</strong></span> <span class='ocrx_word' id='word_1_87' title='bbox 505 1454 670 1522; x_wconf 83' lang='lat' dir='ltr'><strong>fideliumd</strong></span> <span class='ocrx_word' id='word_1_88' title='bbox 699 1457 888 1522; x_wconf 85' lang='lat' dir='ltr'><strong>elemosinis</strong></span> <span class='ocrx_word' id='word_1_89' title='bbox 913 1460 1062 1541; x_wconf 85' lang='lat' dir='ltr'><strong>indigent</strong></span> <span class='ocrx_word' id='word_1_90' title='bbox 1087 1458 1266 1535; x_wconf 82' lang='lat' dir='ltr'><strong>confoveri,</strong></span> <span class='ocrx_word' id='word_1_91' title='bbox 1291 1479 1428 1522; x_wconf 87' lang='lat' dir='ltr'><strong>manum</strong></span> <span class='ocrx_word' id='word_1_92' title='bbox 1460 1461 1675 1538; x_wconf 89' lang='lat' dir='ltr'><strong>porrexeritis</strong></span> <span class='ocrx_word' id='word_1_93' title='bbox 1709 1461 1806 1524; x_wconf 90' lang='lat' dir='ltr'><strong>adiu·</strong></span> 
     </span>
     <span class='ocr_line' id='line_1_11' title="bbox 361 1566 1805 1648; baseline 0.001 -20"><span class='ocrx_word' id='word_1_94' title='bbox 361 1569 486 1642; x_wconf 86' lang='lat' dir='ltr'><strong>tricem,</strong></span> <span class='ocrx_word' id='word_1_95' title='bbox 511 1567 573 1628; x_wconf 90' lang='lat' dir='ltr'><strong>XL</strong></span> <span class='ocrx_word' id='word_1_96' title='bbox 596 1568 669 1630; x_wconf 89' lang='lat' dir='ltr'><strong>dies</strong></span> <span class='ocrx_word' id='word_1_97' title='bbox 702 1566 918 1628; x_wconf 89' lang='lat' dir='ltr'><strong>criminalium</strong></span> <span class='ocrx_word' id='word_1_98' title='bbox 943 1575 976 1628; x_wconf 89' lang='lat' dir='ltr'><strong>et</strong></span> <span class='ocrx_word' id='word_1_99' title='bbox 1000 1586 1123 1628; x_wconf 90' lang='lat' dir='ltr'><strong>annum</strong></span> <span class='ocrx_word' id='word_1_100' title='bbox 1148 1577 1363 1646; x_wconf 86' lang='lat' dir='ltr'><strong>peccatorum</strong></span> <span class='ocrx_word' id='word_1_101' title='bbox 1390 1567 1564 1630; x_wconf 86' lang='lat' dir='ltr'><strong>venialium</strong></span> <span class='ocrx_word' id='word_1_102' title='bbox 1588 1569 1732 1630; x_wconf 91' lang='lat' dir='ltr'><strong>iniuncte</strong></span> <span class='ocrx_word' id='word_1_103' title='bbox 1749 1587 1805 1648; x_wconf 88' lang='lat' dir='ltr'><strong>pe·</strong></span> 
     </span>
     <span class='ocr_line' id='line_1_12' title="bbox 360 1672 1807 1751; baseline 0.001 -16"><span class='ocrx_word' id='word_1_104' title='bbox 360 1674 510 1751; x_wconf 85' lang='lat' dir='ltr'><strong>nitencie,</strong></span> <span class='ocrx_word' id='word_1_105' title='bbox 543 1673 729 1736; x_wconf 91' lang='lat' dir='ltr'><strong>dummodo</strong></span> <span class='ocrx_word' id='word_1_106' title='bbox 754 1673 818 1735; x_wconf 93' lang='lat' dir='ltr'><strong>hoc</strong></span> <span class='ocrx_word' id='word_1_107' title='bbox 850 1673 1044 1736; x_wconf 86' lang='lat' dir='ltr'><strong>venerabilis</strong></span> <span class='ocrx_word' id='word_1_108' title='bbox 1083 1672 1184 1736; x_wconf 83' lang='lat' dir='ltr'><strong>frater</strong></span> <span class='ocrx_word' id='word_1_109' title='bbox 1211 1685 1326 1736; x_wconf 92' lang='lat' dir='ltr'><strong>noster</strong></span> <span class='ocrx_word' id='word_1_110' title='bbox 1357 1675 1513 1737; x_wconf 92' lang='lat' dir='ltr'><strong>dominus</strong></span> <span class='ocrx_word' id='word_1_111' title='bbox 1543 1672 1720 1750; x_wconf 79' lang='lat' dir='ltr'><strong>Thlobias)</strong></span> <span class='ocrx_word' id='word_1_112' title='bbox 1752 1675 1807 1736; x_wconf 93' lang='lat' dir='ltr'><strong>dei</strong></span> 
     </span>
     <span class='ocr_line' id='line_1_13' title="bbox 359 1776 1805 1864; baseline 0 -20"><span class='ocrx_word' id='word_1_113' title='bbox 359 1783 471 1864; x_wconf 86' lang='lat' dir='ltr'><strong>gracia</strong></span> <span class='ocrx_word' id='word_1_114' title='bbox 488 1782 661 1864; x_wconf 90' lang='lat' dir='ltr'><strong>Pragensis</strong></span> <span class='ocrx_word' id='word_1_115' title='bbox 677 1783 864 1860; x_wconf 90' lang='lat' dir='ltr'><strong>episcopus,</strong></span> <span class='ocrx_word' id='word_1_116' title='bbox 884 1782 947 1842; x_wconf 90' lang='lat' dir='ltr'><strong>loci</strong></span> <span class='ocrx_word' id='word_1_117' title='bbox 965 1782 1184 1858; x_wconf 84' lang='lat' dir='ltr'><strong>dyocesanus,</strong></span> <span class='ocrx_word' id='word_1_118' title='bbox 1209 1792 1317 1844; x_wconf 88' lang='lat' dir='ltr'><strong>ratum</strong></span> <span class='ocrx_word' id='word_1_119' title='bbox 1335 1781 1473 1844; x_wconf 72' lang='lat' dir='ltr'><strong>habere⁸</strong></span> <span class='ocrx_word' id='word_1_120' title='bbox 1496 1776 1653 1859; x_wconf 72' lang='lat' dir='ltr'><strong>volueritf,</strong></span> <span class='ocrx_word' id='word_1_121' title='bbox 1682 1783 1805 1844; x_wconf 90' lang='lat' dir='ltr'><strong>miseri·</strong></span> 
     </span>
     <span class='ocr_line' id='line_1_14' title="bbox 361 1887 1678 1968; baseline 0.001 -18"><span class='ocrx_word' id='word_1_122' title='bbox 361 1889 505 1950; x_wconf 90' lang='lat' dir='ltr'><strong>corditer</strong></span> <span class='ocrx_word' id='word_1_123' title='bbox 530 1889 729 1963; x_wconf 68' lang='lat' dir='ltr'><strong>relaxamus</strong></span> <span class='ocrx_word' id='word_1_124' title='bbox 754 1887 964 1966; x_wconf 86' lang='lat' dir='ltr'><strong>presentibus</strong></span> <span class='ocrx_word' id='word_1_125' title='bbox 987 1889 1019 1948; x_wconf 96' lang='lat' dir='ltr'><strong>in</strong></span> <span class='ocrx_word' id='word_1_126' title='bbox 1044 1897 1242 1968; x_wconf 91' lang='lat' dir='ltr'><strong>perpetuum</strong></span> <span class='ocrx_word' id='word_1_127' title='bbox 1268 1888 1442 1952; x_wconf 88' lang='lat' dir='ltr'><strong>duraturis.</strong></span> <span class='ocrx_word' id='word_1_128' title='bbox 1468 1888 1593 1950; x_wconf 86' lang='lat' dir='ltr'><strong>Datum</strong></span> <span class='ocrx_word' id='word_1_129' title='bbox 1618 1899 1678 1951; x_wconf 93' lang='lat' dir='ltr'><strong>etc.</strong></span> 
     </span>
    </p>
   </div>
   <div class='ocr_carea' id='block_1_3' title="bbox 360 2061 1805 2402">
    <p class='ocr_par' dir='ltr' id='par_1_3' title="bbox 360 2061 1805 2402">
     <span class='ocr_line' id='line_1_15' title="bbox 468 2061 1805 2131; baseline 0 -15"><span class='ocrx_word' id='word_1_130' title='bbox 468 2063 529 2116; x_wconf 89' lang='lat' dir='ltr'><strong>Fol.</strong></span> <span class='ocrx_word' id='word_1_131' title='bbox 549 2069 565 2116; x_wconf 84' lang='lat'><strong>3</strong></span> <span class='ocrx_word' id='word_1_132' title='bbox 585 2063 610 2116; x_wconf 71' lang='grc' dir='ltr'><strong>ἆ.</strong></span> <span class='ocrx_word' id='word_1_133' title='bbox 631 2066 672 2126; x_wconf 84' lang='grc'><strong>18,</strong></span> <span class='ocrx_word' id='word_1_134' title='bbox 702 2061 748 2116; x_wconf 70' lang='lat' dir='ltr'><strong>tei</strong></span> <span class='ocrx_word' id='word_1_135' title='bbox 769 2079 786 2114; x_wconf 95' lang='lat' dir='ltr'><strong>v</strong></span> <span class='ocrx_word' id='word_1_136' title='bbox 806 2064 847 2116; x_wconf 84' lang='lat' dir='ltr'><strong>rlr.</strong></span> <span class='ocrx_word' id='word_1_137' title='bbox 868 2061 996 2131; x_wconf 86' lang='lat' dir='ltr'><strong>kapituly</strong></span> <span class='ocrx_word' id='word_1_138' title='bbox 1017 2061 1141 2115; x_wconf 75' lang='lat' dir='ltr'><strong>Pralske</strong></span> <span class='ocrx_word' id='word_1_139' title='bbox 1166 2061 1193 2115; x_wconf 92' lang='lat' dir='ltr'><strong>K</strong></span> <span class='ocrx_word' id='word_1_140' title='bbox 1212 2065 1246 2116; x_wconf 82' lang='lat'><strong>33</strong></span> <span class='ocrx_word' id='word_1_141' title='bbox 1267 2063 1314 2117; x_wconf 92' lang='lat' dir='ltr'><strong>fol.</strong></span> <span class='ocrx_word' id='word_1_142' title='bbox 1335 2069 1385 2117; x_wconf 86' lang='grc'><strong>121</strong></span> <span class='ocrx_word' id='word_1_143' title='bbox 1414 2061 1522 2122; x_wconf 87' lang='lat' dir='ltr'><strong>(Emler</strong></span> <span class='ocrx_word' id='word_1_144' title='bbox 1541 2063 1598 2116; x_wconf 89' lang='lat' dir='ltr'><strong>RB.</strong></span> <span class='ocrx_word' id='word_1_145' title='bbox 1617 2063 1650 2118; x_wconf 93' lang='lat' dir='ltr'><strong>Il.</strong></span> <span class='ocrx_word' id='word_1_146' title='bbox 1676 2065 1699 2116; x_wconf 77' lang='grc' dir='ltr'><strong>ἑ.</strong></span> <span class='ocrx_word' id='word_1_147' title='bbox 1720 2065 1805 2128; x_wconf 83' lang='grc'>2542)</span> 
     </span>
     <span class='ocr_line' id='line_1_16' title="bbox 361 2151 1805 2220; baseline -0.001 -14"><span class='ocrx_word' id='word_1_148' title='bbox 361 2170 378 2206; x_wconf 86' lang='lat' dir='ltr'><strong>a</strong></span> <span class='ocrx_word' id='word_1_149' title='bbox 397 2170 414 2205; x_wconf 96' lang='lat' dir='ltr'><strong>v</strong></span> <span class='ocrx_word' id='word_1_150' title='bbox 427 2153 645 2207; x_wconf 73' lang='lat' dir='ltr'><strong>mnichovskem</strong></span> <span class='ocrx_word' id='word_1_151' title='bbox 665 2153 706 2207; x_wconf 88' lang='lat' dir='ltr'><strong>rk.</strong></span> <span class='ocrx_word' id='word_1_152' title='bbox 726 2151 773 2204; x_wconf 91' lang='lat' dir='ltr'><strong>fol.</strong></span> <span class='ocrx_word' id='word_1_153' title='bbox 793 2155 844 2206; x_wconf 81' lang='lat'><strong>128</strong></span> <span class='ocrx_word' id='word_1_154' title='bbox 864 2151 887 2205; x_wconf 73' lang='grc' dir='ltr'><strong>ἐ.</strong></span> <span class='ocrx_word' id='word_1_155' title='bbox 900 2157 932 2204; x_wconf 83' lang='grc'><strong>74</strong></span> <span class='ocrx_word' id='word_1_156' title='bbox 952 2151 1068 2220; x_wconf 87' lang='lat' dir='ltr'><strong>(Tadra,</strong></span> <span class='ocrx_word' id='word_1_157' title='bbox 1084 2151 1206 2205; x_wconf 71' lang='lat' dir='ltr'><strong>Vestnlk</strong></span> <span class='ocrx_word' id='word_1_158' title='bbox 1219 2153 1292 2219; x_wconf 92' lang='lat' dir='ltr'><strong>spol.</strong></span> <span class='ocrx_word' id='word_1_159' title='bbox 1311 2152 1389 2205; x_wconf 84' lang='lat' dir='ltr'><strong>naulr</strong></span> <span class='ocrx_word' id='word_1_160' title='bbox 1405 2153 1475 2206; x_wconf 87' lang='lat'>1889</span> <span class='ocrx_word' id='word_1_161' title='bbox 1487 2161 1522 2205; x_wconf 92' lang='lat' dir='ltr'><strong>st.</strong></span> <span class='ocrx_word' id='word_1_162' title='bbox 1537 2151 1591 2220; x_wconf 88' lang='lat'>86).</span> <span class='ocrx_word' id='word_1_163' title='bbox 1611 2153 1805 2207; x_wconf 73' lang='lat' dir='ltr'><strong>Srovnameli</strong></span> 
     </span>
     <span class='ocr_line' id='line_1_17' title="bbox 360 2241 1804 2311; baseline -0.001 -15"><span class='ocrx_word' id='word_1_164' title='bbox 360 2244 416 2296; x_wconf 89' lang='lat' dir='ltr'><strong>kus</strong></span> <span class='ocrx_word' id='word_1_165' title='bbox 434 2249 516 2296; x_wconf 91' lang='lat' dir='ltr'><strong>tento</strong></span> <span class='ocrx_word' id='word_1_166' title='bbox 535 2257 549 2293; x_wconf 91' lang='lat' dir='ltr'><strong>s</strong></span> <span class='ocrx_word' id='word_1_167' title='bbox 568 2241 617 2295; x_wconf 74' lang='lat' dir='ltr'><strong>dls.</strong></span> <span class='ocrx_word' id='word_1_168' title='bbox 639 2247 662 2306; x_wconf 92' lang='lat'><strong>1,</strong></span> <span class='ocrx_word' id='word_1_169' title='bbox 681 2241 798 2302; x_wconf 89' lang='lat' dir='ltr'><strong>vidlme,</strong></span> <span class='ocrx_word' id='word_1_170' title='bbox 827 2241 928 2310; x_wconf 76' lang='lat' dir='ltr'><strong>iside</strong></span> <span class='ocrx_word' id='word_1_171' title='bbox 948 2257 965 2294; x_wconf 94' lang='lat' dir='ltr'><strong>o</strong></span> <span class='ocrx_word' id='word_1_172' title='bbox 985 2241 1053 2294; x_wconf 74' lang='lat' dir='ltr'><strong>toni</strong></span> <span class='ocrx_word' id='word_1_173' title='bbox 1073 2243 1132 2295; x_wconf 74' lang='lat' dir='ltr'><strong>vde.</strong></span> <span class='ocrx_word' id='word_1_174' title='bbox 1170 2242 1229 2295; x_wconf 87' lang='lat' dir='ltr'><strong>Zde</strong></span> <span class='ocrx_word' id='word_1_175' title='bbox 1256 2241 1398 2311; x_wconf 76' lang='lat' dir='ltr'><strong>piipojuje</strong></span> <span class='ocrx_word' id='word_1_176' title='bbox 1424 2243 1531 2310; x_wconf 87' lang='lat' dir='ltr'><strong>biskup</strong></span> <span class='ocrx_word' id='word_1_177' title='bbox 1551 2243 1661 2296; x_wconf 81' lang='lat' dir='ltr'><strong>Arnold</strong></span> <span class='ocrx_word' id='word_1_178' title='bbox 1682 2245 1732 2296; x_wconf 78' lang='lat' dir='ltr'><strong>sve</strong></span> <span class='ocrx_word' id='word_1_179' title='bbox 1751 2242 1804 2296; x_wconf 94' lang='lat' dir='ltr'><strong>od-</strong></span> 
     </span>
     <span class='ocr_line' id='line_1_18' title="bbox 360 2325 1639 2402; baseline 0.001 -18"><span class='ocrx_word' id='word_1_180' title='bbox 360 2332 468 2402; x_wconf 86' lang='lat' dir='ltr'><strong>pustky</strong></span> <span class='ocrx_word' id='word_1_181' title='bbox 488 2333 506 2384; x_wconf 90' lang='lat' dir='ltr'>k</span> <span class='ocrx_word' id='word_1_182' title='bbox 525 2325 704 2399; x_wconf 79' lang='lat' dir='ltr'><strong>odpustlri’rm</strong></span> <span class='ocrx_word' id='word_1_183' title='bbox 723 2331 849 2399; x_wconf 89' lang='lat' dir='ltr'><strong>biskupa</strong></span> <span class='ocrx_word' id='word_1_184' title='bbox 869 2329 1003 2384; x_wconf 67' lang='lat' dir='ltr'><strong>Tobidse.</strong></span> <span class='ocrx_word' id='word_1_185' title='bbox 1024 2331 1128 2384; x_wconf 71' lang='lat' dir='ltr'><strong>Patrne</strong></span> <span class='ocrx_word' id='word_1_186' title='bbox 1147 2330 1272 2398; x_wconf 75' lang='lat' dir='ltr'><strong>pochazl·</strong></span> <span class='ocrx_word' id='word_1_187' title='bbox 1289 2331 1384 2384; x_wconf 89' lang='lat' dir='ltr'><strong>listina</strong></span> <span class='ocrx_word' id='word_1_188' title='bbox 1403 2337 1464 2384; x_wconf 91' lang='lat' dir='ltr'><strong>tato</strong></span> <span class='ocrx_word' id='word_1_189' title='bbox 1483 2347 1499 2384; x_wconf 84' lang='lat' dir='ltr'>z</span> <span class='ocrx_word' id='word_1_190' title='bbox 1519 2349 1539 2384; x_wconf 91' lang='lat' dir='ltr'><strong>r.</strong></span> <span class='ocrx_word' id='word_1_191' title='bbox 1561 2335 1639 2386; x_wconf 88' lang='grc'><strong>1287,</strong></span> 
     </span>
    </p>
   </div>
   <div class='ocr_carea' id='block_1_4' title="bbox 470 2454 826 2524">
    <p class='ocr_par' dir='ltr' id='par_1_4' title="bbox 470 2454 826 2524">
     <span class='ocr_line' id='line_1_19' title="bbox 470 2454 826 2524; baseline -0.006 -16"><span class='ocrx_word' id='word_1_192' title='bbox 470 2454 489 2524; x_wconf 86' lang='lat'><strong>¹)</strong></span> <span class='ocrx_word' id='word_1_193' title='bbox 509 2455 551 2510; x_wconf 90' lang='lat' dir='ltr'><strong>Sr.</strong></span> <span class='ocrx_word' id='word_1_194' title='bbox 571 2471 655 2524; x_wconf 89' lang='lat' dir='ltr'><strong>pozn.</strong></span> <span class='ocrx_word' id='word_1_195' title='bbox 677 2461 700 2508; x_wconf 89' lang='grc'><strong>1.</strong></span> <span class='ocrx_word' id='word_1_196' title='bbox 719 2472 737 2507; x_wconf 84' lang='grc' dir='ltr'><strong><em>ν</em></strong></span> <span class='ocrx_word' id='word_1_197' title='bbox 757 2455 781 2508; x_wconf 72' lang='lat' dir='ltr'><strong>d.</strong></span> <span class='ocrx_word' id='word_1_198' title='bbox 804 2462 826 2506; x_wconf 93' lang='lat'><strong>1.</strong></span> 
     </span>
    </p>
   </div>
   <div class='ocr_carea' id='block_1_5' title="bbox 1056 2729 1105 2790">
    <p class='ocr_par' dir='ltr' id='par_1_5' title="bbox 1056 2729 1105 2790">
     <span class='ocr_line' id='line_1_20' title="bbox 1056 2729 1105 2790; baseline 0.041 -2"><span class='ocrx_word' id='word_1_199' title='bbox 1056 2729 1105 2790; x_wconf 89' lang='lat'><strong>19.</strong></span> 
     </span>
    </p>
   </div>
   <div class='ocr_carea' id='block_1_6' title="bbox 359 2885 1803 3184">
    <p class='ocr_par' dir='ltr' id='par_1_6' title="bbox 359 2885 1803 3184">
     <span class='ocr_line' id='line_1_21' title="bbox 360 2885 1803 2970; baseline 0.002 -22"><span class='ocrx_word' id='word_1_200' title='bbox 360 2885 485 2968; x_wconf 86' lang='lat' dir='ltr'><strong>Biskup</strong></span> <span class='ocrx_word' id='word_1_201' title='bbox 508 2885 539 2949; x_wconf 88' lang='lat' dir='ltr'><em>T</em></span> <span class='ocrx_word' id='word_1_202' title='bbox 534 2885 625 2948; x_wconf 72' lang='lat' dir='ltr'><strong>obr&#39;a‘t</strong></span> <span class='ocrx_word' id='word_1_203' title='bbox 641 2888 808 2968; x_wconf 77' lang='lat' dir='ltr'><strong>poturanje</strong></span> <span class='ocrx_word' id='word_1_204' title='bbox 831 2887 987 2968; x_wconf 83' lang='lat' dir='ltr'><strong>odpustky</strong></span> <span class='ocrx_word' id='word_1_205' title='bbox 1010 2888 1157 2950; x_wconf 83' lang='lat' dir='ltr'><strong>Romana</strong></span> <span class='ocrx_word' id='word_1_206' title='bbox 1180 2886 1317 2970; x_wconf 81' lang='lat' dir='ltr'><strong>biskupa</strong></span> <span class='ocrx_word' id='word_1_207' title='bbox 1345 2885 1523 2970; x_wconf 65' lang='lat' dir='ltr'><strong>Crojskdlro,</strong></span> <span class='ocrx_word' id='word_1_208' title='bbox 1548 2890 1674 2970; x_wconf 76' lang='lat' dir='ltr'><strong>Egidia</strong></span> <span class='ocrx_word' id='word_1_209' title='bbox 1697 2890 1803 2953; x_wconf 82' lang='lat' dir='ltr'><strong>Turtz&#39;·</strong></span> 
     </span>
     <span class='ocr_line' id='line_1_22' title="bbox 359 2991 1803 3070; baseline 0.004 -17"><span class='ocrx_word' id='word_1_210' title='bbox 359 2992 560 3064; x_wconf 80' lang='lat' dir='ltr'><strong>bula&#39;nske&#39;lzo,</strong></span> <span class='ocrx_word' id='word_1_211' title='bbox 583 2993 715 3058; x_wconf 71' lang='lat' dir='ltr'><strong>Tomdfe</strong></span> <span class='ocrx_word' id='word_1_212' title='bbox 731 2991 936 3070; x_wconf 65' lang='lat' dir='ltr'><strong>Acerrske‘lzo,</strong></span> <span class='ocrx_word' id='word_1_213' title='bbox 959 2994 1162 3057; x_wconf 78' lang='lat' dir='ltr'><strong>Valdebruna</strong></span> <span class='ocrx_word' id='word_1_214' title='bbox 1187 2994 1388 3058; x_wconf 76' lang='lat' dir='ltr'><strong>Aulonske&#39;lro</strong></span> <span class='ocrx_word' id='word_1_215' title='bbox 1412 3017 1433 3056; x_wconf 88' lang='lat' dir='ltr'><strong>a</strong></span> <span class='ocrx_word' id='word_1_216' title='bbox 1456 2995 1625 3058; x_wconf 80' lang='lat' dir='ltr'><strong>Leotlrerr‘a</strong></span> <span class='ocrx_word' id='word_1_217' title='bbox 1650 2997 1803 3059; x_wconf 78' lang='lat' dir='ltr'><strong>Vemldn·</strong></span> 
     </span>
     <span class='ocr_line' id='line_1_23' title="bbox 359 3099 1803 3184; baseline 0.003 -24"><span class='ocrx_word' id='word_1_218' title='bbox 359 3099 463 3174; x_wconf 80' lang='lat' dir='ltr'><strong>ske&#39;lro,</strong></span> <span class='ocrx_word' id='word_1_219' title='bbox 488 3100 578 3163; x_wconf 63' lang='lat' dir='ltr'><strong>dane</strong></span> <span class='ocrx_word' id='word_1_220' title='bbox 603 3101 696 3177; x_wconf 75' lang='lat' dir='ltr'><strong>ulem,</strong></span> <span class='ocrx_word' id='word_1_221' title='bbox 727 3099 813 3161; x_wconf 69' lang='lat' dir='ltr'><strong>kter&#39;r&#39;</strong></span> <span class='ocrx_word' id='word_1_222' title='bbox 834 3100 926 3181; x_wconf 80' lang='lat' dir='ltr'><strong>kapli</strong></span> <span class='ocrx_word' id='word_1_223' title='bbox 955 3099 1148 3164; x_wconf 80' lang='lat' dir='ltr'><strong>krdlovskou</strong></span> <span class='ocrx_word' id='word_1_224' title='bbox 1179 3123 1223 3162; x_wconf 85' lang='lat' dir='ltr'><strong>na</strong></span> <span class='ocrx_word' id='word_1_225' title='bbox 1246 3102 1352 3162; x_wconf 72' lang='lat' dir='ltr'><strong>tradit</strong></span> <span class='ocrx_word' id='word_1_226' title='bbox 1379 3103 1555 3165; x_wconf 69' lang='lat' dir='ltr'><strong>Pradske&#39;m</strong></span> <span class='ocrx_word' id='word_1_227' title='bbox 1587 3125 1628 3166; x_wconf 79' lang='lat' dir='ltr'><strong>aa</strong></span> <span class='ocrx_word' id='word_1_228' title='bbox 1659 3102 1803 3184; x_wconf 66' lang='lat' dir='ltr'><strong>urlr&#39;tylclz</strong></span> 
     </span>
    </p>
   </div>
   <div class='ocr_carea' id='block_1_7' title="bbox 761 3209 1697 3469">
    <p class='ocr_par' dir='ltr' id='par_1_7' title="bbox 761 3209 1697 3469">
     <span class='ocr_line' id='line_1_24' title="bbox 904 3209 1254 3290; baseline 0.009 -20"><span class='ocrx_word' id='word_1_229' title='bbox 904 3209 1080 3290; x_wconf 79' lang='lat' dir='ltr'><strong>podmr&#39;nek</strong></span> <span class='ocrx_word' id='word_1_230' title='bbox 1103 3210 1254 3272; x_wconf 70' lang='lat' dir='ltr'><strong>naustivz&#39;.</strong></span> 
     </span>
     <span class='ocr_line' id='line_1_25' title="bbox 1571 3297 1697 3382; baseline -0.016 -20"><span class='ocrx_word' id='word_1_231' title='bbox 1571 3297 1697 3382; x_wconf 71' lang='lat'><strong>(1287).</strong></span> 
     </span>
     <span class='ocr_line' id='line_1_26' title="bbox 761 3387 1130 3469; baseline 0.003 -22"><span class='ocrx_word' id='word_1_232' title='bbox 761 3387 885 3450; x_wconf 88' lang='lat' dir='ltr'><strong>Littera</strong></span> <span class='ocrx_word' id='word_1_233' title='bbox 912 3387 1130 3469; x_wconf 86' lang='lat' dir='ltr'><strong>indulgencie.</strong></span> 
     </span>
    </p>
   </div>
   <div class='ocr_carea' id='block_1_8' title="bbox 358 3525 1804 4684">
    <p class='ocr_par' dir='ltr' id='par_1_8' title="bbox 358 3525 1804 4684">
     <span class='ocr_line' id='line_1_27' title="bbox 462 3525 1802 3612; baseline 0 -19"><span class='ocrx_word' id='word_1_234' title='bbox 462 3525 657 3612; x_wconf 73' lang='lat' dir='ltr'><strong>Th(obias)⁸</strong></span> <span class='ocrx_word' id='word_1_235' title='bbox 678 3529 731 3592; x_wconf 90' lang='lat' dir='ltr'><strong>dei</strong></span> <span class='ocrx_word' id='word_1_236' title='bbox 757 3533 868 3612; x_wconf 77' lang='lat' dir='ltr'><strong>gracia</strong></span> <span class='ocrx_word' id='word_1_237' title='bbox 894 3531 1067 3612; x_wconf 87' lang='lat' dir='ltr'><strong>Pragensis</strong></span> <span class='ocrx_word' id='word_1_238' title='bbox 1091 3535 1273 3610; x_wconf 91' lang='lat' dir='ltr'><strong>episcopus</strong></span> <span class='ocrx_word' id='word_1_239' title='bbox 1297 3533 1457 3594; x_wconf 91' lang='lat' dir='ltr'><strong>universis</strong></span> <span class='ocrx_word' id='word_1_240' title='bbox 1493 3528 1614 3596; x_wconf 87' lang='lat' dir='ltr'><strong>Christi</strong></span> <span class='ocrx_word' id='word_1_241' title='bbox 1646 3531 1802 3594; x_wconf 87' lang='lat' dir='ltr'><strong>fidelibus</strong></span> 
     </span>
     <span class='ocr_line' id='line_1_28' title="bbox 359 3638 1801 3720; baseline 0.001 -20"><span class='ocrx_word' id='word_1_242' title='bbox 359 3657 418 3718; x_wconf 91' lang='lat' dir='ltr'><strong>per</strong></span> <span class='ocrx_word' id='word_1_243' title='bbox 442 3638 642 3720; x_wconf 90' lang='lat' dir='ltr'><strong>Pragensem</strong></span> <span class='ocrx_word' id='word_1_244' title='bbox 667 3639 835 3699; x_wconf 88' lang='lat' dir='ltr'><strong>civitatem</strong></span> <span class='ocrx_word' id='word_1_245' title='bbox 859 3649 892 3700; x_wconf 88' lang='lat' dir='ltr'><strong>et</strong></span> <span class='ocrx_word' id='word_1_246' title='bbox 916 3639 1087 3716; x_wconf 89' lang='lat' dir='ltr'><strong>dyocesim</strong></span> <span class='ocrx_word' id='word_1_247' title='bbox 1114 3640 1302 3700; x_wconf 89' lang='lat' dir='ltr'><strong>constitutis</strong></span> <span class='ocrx_word' id='word_1_248' title='bbox 1326 3638 1468 3701; x_wconf 90' lang='lat' dir='ltr'><strong>salutem</strong></span> <span class='ocrx_word' id='word_1_249' title='bbox 1492 3639 1524 3700; x_wconf 92' lang='lat' dir='ltr'><strong>in</strong></span> <span class='ocrx_word' id='word_1_250' title='bbox 1549 3639 1686 3702; x_wconf 92' lang='lat' dir='ltr'><strong>domino</strong></span> <span class='ocrx_word' id='word_1_251' title='bbox 1718 3659 1801 3702; x_wconf 90' lang='lat' dir='ltr'><strong>sem·</strong></span> 
     </span>
     <span class='ocr_line' id='line_1_29' title="bbox 359 3743 1804 3825; baseline 0 -18"><span class='ocrx_word' id='word_1_252' title='bbox 359 3749 534 3824; x_wconf 90' lang='lat' dir='ltr'><strong>piternam.</strong></span> <span class='ocrx_word' id='word_1_253' title='bbox 560 3743 787 3806; x_wconf 86' lang='lat' dir='ltr'><strong>Devocionem</strong></span> <span class='ocrx_word' id='word_1_254' title='bbox 815 3757 960 3806; x_wconf 88' lang='lat' dir='ltr'><strong>vestram</strong></span> <span class='ocrx_word' id='word_1_255' title='bbox 984 3753 1046 3807; x_wconf 88' lang='lat' dir='ltr'><strong>etc.</strong></span> <span class='ocrx_word' id='word_1_256' title='bbox 1071 3745 1164 3823; x_wconf 89' lang='lat' dir='ltr'><strong>quasi</strong></span> <span class='ocrx_word' id='word_1_257' title='bbox 1188 3765 1247 3825; x_wconf 90' lang='lat' dir='ltr'><strong>per</strong></span> <span class='ocrx_word' id='word_1_258' title='bbox 1271 3749 1389 3808; x_wconf 85' lang='lat' dir='ltr'><strong>merita</strong></span> <span class='ocrx_word' id='word_1_259' title='bbox 1414 3746 1587 3808; x_wconf 89' lang='lat' dir='ltr'><strong>salubriter</strong></span> <span class='ocrx_word' id='word_1_260' title='bbox 1608 3747 1650 3808; x_wconf 90' lang='lat' dir='ltr'><strong>ad</strong></span> <span class='ocrx_word' id='word_1_261' title='bbox 1677 3749 1804 3820; x_wconf 87' lang='lat' dir='ltr'><strong>premia</strong></span> 
     </span>
     <span class='ocr_line' id='line_1_30' title="bbox 358 3851 1803 3936; baseline 0.001 -24"><span class='ocrx_word' id='word_1_262' title='bbox 358 3853 495 3914; x_wconf 86' lang='lat' dir='ltr'><strong>invitare</strong></span> <span class='ocrx_word' id='word_1_263' title='bbox 533 3851 691 3927; x_wconf 88' lang='lat' dir='ltr'><strong>volentes,</strong></span> <span class='ocrx_word' id='word_1_264' title='bbox 731 3862 767 3913; x_wconf 93' lang='lat' dir='ltr'><strong>ut</strong></span> <span class='ocrx_word' id='word_1_265' title='bbox 806 3852 920 3914; x_wconf 91' lang='lat' dir='ltr'><strong>salutis</strong></span> <span class='ocrx_word' id='word_1_266' title='bbox 957 3853 1139 3915; x_wconf 88' lang='lat' dir='ltr'><strong>animarum</strong></span> <span class='ocrx_word' id='word_1_267' title='bbox 1172 3860 1354 3914; x_wconf 87' lang='lat' dir='ltr'><strong>vestrarum</strong></span> <span class='ocrx_word' id='word_1_268' title='bbox 1401 3856 1598 3932; x_wconf 90' lang='lat' dir='ltr'><strong>propensius</strong></span> <span class='ocrx_word' id='word_1_269' title='bbox 1641 3863 1803 3936; x_wconf 85' lang='lat' dir='ltr'><strong>augeatur</strong></span> 
     </span>
     <span class='ocr_line' id='line_1_31' title="bbox 358 3957 1802 4041; baseline -0.001 -19"><span class='ocrx_word' id='word_1_270' title='bbox 358 3959 498 4022; x_wconf 90' lang='lat' dir='ltr'><strong>effectus</strong></span> <span class='ocrx_word' id='word_1_271' title='bbox 522 3959 565 4021; x_wconf 93' lang='lat' dir='ltr'><strong>ad</strong></span> <span class='ocrx_word' id='word_1_272' title='bbox 590 3961 655 4020; x_wconf 92' lang='lat' dir='ltr'><strong>vite</strong></span> <span class='ocrx_word' id='word_1_273' title='bbox 679 3967 792 4021; x_wconf 88' lang='lat' dir='ltr'><strong>eterne</strong></span> <span class='ocrx_word' id='word_1_274' title='bbox 816 3960 939 4041; x_wconf 86' lang='lat' dir='ltr'><strong>gaudia</strong></span> <span class='ocrx_word' id='word_1_275' title='bbox 964 3960 1195 4038; x_wconf 90' lang='lat' dir='ltr'><strong>promerenda,</strong></span> <span class='ocrx_word' id='word_1_276' title='bbox 1212 3961 1449 4026; x_wconf 88' lang='lat' dir='ltr'><strong>venerabilium</strong></span> <span class='ocrx_word' id='word_1_277' title='bbox 1466 3961 1498 4022; x_wconf 92' lang='lat' dir='ltr'><strong>in</strong></span> <span class='ocrx_word' id='word_1_278' title='bbox 1516 3957 1650 4022; x_wconf 85' lang='lat' dir='ltr'><strong>Christo</strong></span> <span class='ocrx_word' id='word_1_279' title='bbox 1671 3971 1802 4038; x_wconf 86' lang='lat' dir='ltr'><strong>patrum</strong></span> 
     </span>
     <span class='ocr_line' id='line_1_32' title="bbox 358 4061 1803 4148; baseline -0.001 -20"><span class='ocrx_word' id='word_1_280' title='bbox 358 4065 468 4128; x_wconf 90' lang='lat' dir='ltr'><strong>fratris</strong></span> <span class='ocrx_word' id='word_1_281' title='bbox 492 4067 634 4128; x_wconf 90' lang='lat' dir='ltr'><strong>Romani</strong></span> <span class='ocrx_word' id='word_1_282' title='bbox 658 4061 904 4148; x_wconf 81' lang='lat' dir='ltr'><strong>Crohensis,¹¹¹)</strong></span> <span class='ocrx_word' id='word_1_283' title='bbox 930 4066 1039 4148; x_wconf 87' lang='lat' dir='ltr'><strong>Egidii</strong></span> <span class='ocrx_word' id='word_1_284' title='bbox 1064 4061 1367 4144; x_wconf 79' lang='lat' dir='ltr'><strong>Turtibulanensis,i</strong></span> <span class='ocrx_word' id='word_1_285' title='bbox 1382 4062 1409 4148; x_wconf 86' lang='lat'><strong>²)</strong></span> <span class='ocrx_word' id='word_1_286' title='bbox 1434 4065 1565 4128; x_wconf 92' lang='lat' dir='ltr'><strong>Thome</strong></span> <span class='ocrx_word' id='word_1_287' title='bbox 1590 4064 1803 4142; x_wconf 85' lang='lat' dir='ltr'><strong>Accerarum,</strong></span> 
     </span>
     <span class='ocr_line' id='line_1_33' title="bbox 360 4166 1803 4254; baseline -0.001 -19"><span class='ocrx_word' id='word_1_288' title='bbox 360 4171 585 4254; x_wconf 88' lang='lat' dir='ltr'><strong>(Waltebruni</strong></span> <span class='ocrx_word' id='word_1_289' title='bbox 610 4166 830 4241; x_wconf 74' lang='lat' dir='ltr'><strong>Avlonensis}j</strong></span> <span class='ocrx_word' id='word_1_290' title='bbox 860 4180 894 4233; x_wconf 90' lang='lat' dir='ltr'><strong>et</strong></span> <span class='ocrx_word' id='word_1_291' title='bbox 923 4171 1092 4234; x_wconf 86' lang='lat' dir='ltr'><strong>Leotherii</strong></span> <span class='ocrx_word' id='word_1_292' title='bbox 1126 4172 1286 4235; x_wconf 90' lang='lat' dir='ltr'><strong>Verulani</strong></span> <span class='ocrx_word' id='word_1_293' title='bbox 1317 4175 1532 4235; x_wconf 92' lang='lat' dir='ltr'><strong>dominorum</strong></span> <span class='ocrx_word' id='word_1_294' title='bbox 1567 4173 1803 4252; x_wconf 89' lang='lat' dir='ltr'><strong>episcoporum</strong></span> 
     </span>
     <span class='ocr_line' id='line_1_34' title="bbox 359 4279 1802 4363; baseline -0.003 -20"><span class='ocrx_word' id='word_1_295' title='bbox 359 4281 595 4363; x_wconf 78' lang='lat' dir='ltr'><strong>indulgenciaS,</strong></span> <span class='ocrx_word' id='word_1_296' title='bbox 626 4299 708 4360; x_wconf 92' lang='lat' dir='ltr'><strong>quas</strong></span> <span class='ocrx_word' id='word_1_297' title='bbox 740 4279 877 4360; x_wconf 91' lang='lat' dir='ltr'><strong>quilibet</strong></span> <span class='ocrx_word' id='word_1_298' title='bbox 908 4280 1058 4359; x_wconf 90' lang='lat' dir='ltr'><strong>ipsorum</strong></span> <span class='ocrx_word' id='word_1_299' title='bbox 1090 4281 1246 4342; x_wconf 92' lang='lat' dir='ltr'><strong>omnibus</strong></span> <span class='ocrx_word' id='word_1_300' title='bbox 1277 4281 1372 4341; x_wconf 93' lang='lat' dir='ltr'><strong>vobis</strong></span> <span class='ocrx_word' id='word_1_301' title='bbox 1403 4299 1478 4340; x_wconf 89' lang='lat' dir='ltr'><strong>vere</strong></span> <span class='ocrx_word' id='word_1_302' title='bbox 1514 4281 1737 4357; x_wconf 88' lang='lat' dir='ltr'><strong>penitentibus</strong></span> <span class='ocrx_word' id='word_1_303' title='bbox 1769 4290 1802 4339; x_wconf 88' lang='lat' dir='ltr'><strong>et</strong></span> 
     </span>
     <span class='ocr_line' id='line_1_35' title="bbox 360 4384 1803 4468; baseline -0.001 -18"><span class='ocrx_word' id='word_1_304' title='bbox 360 4387 529 4468; x_wconf 81' lang='lat' dir='ltr'><strong>confessis,</strong></span> <span class='ocrx_word' id='word_1_305' title='bbox 553 4389 610 4468; x_wconf 93' lang='lat' dir='ltr'><strong>qui</strong></span> <span class='ocrx_word' id='word_1_306' title='bbox 635 4387 678 4448; x_wconf 91' lang='lat' dir='ltr'><strong>ad</strong></span> <span class='ocrx_word' id='word_1_307' title='bbox 702 4387 865 4464; x_wconf 90' lang='lat' dir='ltr'><strong>capellam</strong></span> <span class='ocrx_word' id='word_1_308' title='bbox 888 4387 1011 4468; x_wconf 88' lang='lat' dir='ltr'><strong>regiam</strong></span> <span class='ocrx_word' id='word_1_309' title='bbox 1036 4388 1067 4447; x_wconf 93' lang='lat' dir='ltr'><strong>in</strong></span> <span class='ocrx_word' id='word_1_310' title='bbox 1092 4395 1203 4448; x_wconf 88' lang='lat' dir='ltr'><strong>castro</strong></span> <span class='ocrx_word' id='word_1_311' title='bbox 1228 4385 1385 4466; x_wconf 89' lang='lat' dir='ltr'><strong>Pragensi</strong></span> <span class='ocrx_word' id='word_1_312' title='bbox 1409 4388 1506 4447; x_wconf 92' lang='lat' dir='ltr'><strong>sitam</strong></span> <span class='ocrx_word' id='word_1_313' title='bbox 1538 4387 1569 4448; x_wconf 95' lang='lat' dir='ltr'><strong>in</strong></span> <span class='ocrx_word' id='word_1_314' title='bbox 1602 4384 1694 4448; x_wconf 88' lang='lat' dir='ltr'><strong>festis</strong></span> <span class='ocrx_word' id='word_1_315' title='bbox 1725 4389 1803 4448; x_wconf 92' lang='lat' dir='ltr'><strong>sub·</strong></span> 
     </span>
     <span class='ocr_line' id='line_1_36' title="bbox 359 4493 1802 4575; baseline -0.002 -18"><span class='ocrx_word' id='word_1_316' title='bbox 359 4497 501 4575; x_wconf 85' lang='lat' dir='ltr'><strong>scriptis,</strong></span> <span class='ocrx_word' id='word_1_317' title='bbox 533 4493 657 4556; x_wconf 91' lang='lat' dir='ltr'><strong>scilicet</strong></span> <span class='ocrx_word' id='word_1_318' title='bbox 690 4495 722 4556; x_wconf 94' lang='lat' dir='ltr'><strong>in</strong></span> <span class='ocrx_word' id='word_1_319' title='bbox 754 4494 927 4556; x_wconf 85' lang='lat' dir='ltr'><strong>nativitate</strong></span> <span class='ocrx_word' id='word_1_320' title='bbox 959 4493 1093 4569; x_wconf 89' lang='lat' dir='ltr'><strong>domini,</strong></span> <span class='ocrx_word' id='word_1_321' title='bbox 1125 4495 1158 4555; x_wconf 92' lang='lat' dir='ltr'><strong>in</strong></span> <span class='ocrx_word' id='word_1_322' title='bbox 1190 4493 1439 4555; x_wconf 90' lang='lat' dir='ltr'><strong>resurreccione</strong></span> <span class='ocrx_word' id='word_1_323' title='bbox 1470 4503 1502 4554; x_wconf 93' lang='lat' dir='ltr'><strong>et</strong></span> <span class='ocrx_word' id='word_1_324' title='bbox 1534 4493 1738 4568; x_wconf 86' lang='lat' dir='ltr'><strong>ascensione,</strong></span> <span class='ocrx_word' id='word_1_325' title='bbox 1770 4494 1802 4555; x_wconf 95' lang='lat' dir='ltr'><strong>in</strong></span> 
     </span>
     <span class='ocr_line' id='line_1_37' title="bbox 359 4600 1801 4684; baseline -0.004 -18"><span class='ocrx_word' id='word_1_326' title='bbox 359 4605 506 4667; x_wconf 89' lang='lat' dir='ltr'><strong>adventu</strong></span> <span class='ocrx_word' id='word_1_327' title='bbox 530 4603 663 4681; x_wconf 88' lang='lat' dir='ltr'><strong>spiritus</strong></span> <span class='ocrx_word' id='word_1_328' title='bbox 687 4603 802 4676; x_wconf 88' lang='lat' dir='ltr'><strong>sancti,</strong></span> <span class='ocrx_word' id='word_1_329' title='bbox 825 4602 858 4662; x_wconf 92' lang='lat' dir='ltr'><strong>in</strong></span> <span class='ocrx_word' id='word_1_330' title='bbox 884 4601 1102 4664; x_wconf 88' lang='lat' dir='ltr'><strong>dedicacione</strong></span> <span class='ocrx_word' id='word_1_331' title='bbox 1127 4601 1276 4678; x_wconf 84' lang='lat' dir='ltr'><strong>predicte</strong></span> <span class='ocrx_word' id='word_1_332' title='bbox 1301 4600 1430 4679; x_wconf 85' lang='lat' dir='ltr'><strong>capelle</strong></span> <span class='ocrx_word' id='word_1_333' title='bbox 1446 4609 1480 4662; x_wconf 91' lang='lat' dir='ltr'><strong>et</strong></span> <span class='ocrx_word' id='word_1_334' title='bbox 1496 4600 1698 4684; x_wconf 88' lang='lat' dir='ltr'><strong>singulorum</strong></span> <span class='ocrx_word' id='word_1_335' title='bbox 1720 4600 1801 4662; x_wconf 89' lang='lat' dir='ltr'><strong>alta·</strong></span> 
     </span>
    </p>
   </div>
   <div class='ocr_carea' id='block_1_9' title="bbox 358 4791 1803 5298">
    <p class='ocr_par' dir='ltr' id='par_1_9' title="bbox 358 4791 1803 5298">
     <span class='ocr_line' id='line_1_38' title="bbox 464 4791 1802 4862; baseline -0.001 -16"><span class='ocrx_word' id='word_1_336' title='bbox 464 4795 493 4858; x_wconf 87' lang='lat' dir='ltr'><strong>a)</strong></span> <span class='ocrx_word' id='word_1_337' title='bbox 519 4810 549 4856; x_wconf 89' lang='lat' dir='ltr'><strong>,s.</strong></span> <span class='ocrx_word' id='word_1_338' title='bbox 573 4795 623 4862; x_wconf 85' lang='lat' dir='ltr'><strong>Ja.¹</strong></span> <span class='ocrx_word' id='word_1_339' title='bbox 649 4793 696 4854; x_wconf 86' lang='lat' dir='ltr'><strong>ln,</strong></span> <span class='ocrx_word' id='word_1_340' title='bbox 721 4795 785 4862; x_wconf 83' lang='lat' dir='ltr'><strong>,Jac</strong></span> <span class='ocrx_word' id='word_1_341' title='bbox 812 4793 866 4860; x_wconf 90' lang='lat' dir='ltr'><strong>ap.‘</strong></span> <span class='ocrx_word' id='word_1_342' title='bbox 893 4792 948 4846; x_wconf 94' lang='lat' dir='ltr'><strong>Mn.</strong></span> <span class='ocrx_word' id='word_1_343' title='bbox 969 4793 977 4845; x_wconf 96' lang='lat' dir='ltr'><strong>i</strong></span> <span class='ocrx_word' id='word_1_344' title='bbox 997 4791 1068 4860; x_wconf 85' lang='lat' dir='ltr'><strong>Kap.</strong></span> <span class='ocrx_word' id='word_1_345' title='bbox 1088 4791 1122 4846; x_wconf 89' lang='grc' dir='ltr'><strong>Κ.</strong></span> <span class='ocrx_word' id='word_1_346' title='bbox 1142 4821 1176 4831; x_wconf 92' lang='lat'>-</span> <span class='ocrx_word' id='word_1_347' title='bbox 1195 4793 1225 4858; x_wconf 87' lang='lat' dir='ltr'><strong>b)</strong></span> <span class='ocrx_word' id='word_1_348' title='bbox 1246 4799 1284 4853; x_wconf 89' lang='lat' dir='ltr'><strong>,et</strong></span> <span class='ocrx_word' id='word_1_349' title='bbox 1302 4791 1424 4845; x_wconf 87' lang='lat' dir='ltr'><strong>aliorum</strong></span> <span class='ocrx_word' id='word_1_350' title='bbox 1443 4797 1619 4846; x_wconf 74' lang='lat' dir='ltr'><strong>sanctorum*</strong></span> <span class='ocrx_word' id='word_1_351' title='bbox 1638 4791 1686 4854; x_wconf 73' lang='lat' dir='ltr'><strong>ln,</strong></span> <span class='ocrx_word' id='word_1_352' title='bbox 1704 4793 1802 4860; x_wconf 77' lang='lat' dir='ltr'><strong>jmena</strong></span> 
     </span>
     <span class='ocr_line' id='line_1_39' title="bbox 358 4880 1799 4952; baseline -0.002 -18"><span class='ocrx_word' id='word_1_353' title='bbox 358 4883 479 4952; x_wconf 68' lang='lat' dir='ltr'><strong>svatveh</strong></span> <span class='ocrx_word' id='word_1_354' title='bbox 499 4883 643 4949; x_wconf 78' lang='lat' dir='ltr'><strong>doplnsna</strong></span> <span class='ocrx_word' id='word_1_355' title='bbox 662 4899 677 4933; x_wconf 87' lang='lat' dir='ltr'>z</span> <span class='ocrx_word' id='word_1_356' title='bbox 697 4881 751 4934; x_wconf 91' lang='lat' dir='ltr'><strong>Mn.</strong></span> <span class='ocrx_word' id='word_1_357' title='bbox 774 4911 804 4918; x_wconf 96' lang='lat'>-</span> <span class='ocrx_word' id='word_1_358' title='bbox 826 4885 852 4948; x_wconf 89' lang='lat' dir='ltr'><strong>c)</strong></span> <span class='ocrx_word' id='word_1_359' title='bbox 867 4889 950 4944; x_wconf 86' lang='lat' dir='ltr'><strong>,cum¹</strong></span> <span class='ocrx_word' id='word_1_360' title='bbox 970 4881 1018 4942; x_wconf 86' lang='lat' dir='ltr'><strong>In..</strong></span> <span class='ocrx_word' id='word_1_361' title='bbox 1039 4887 1144 4946; x_wconf 85' lang='lat' dir='ltr'><strong>,causa‘</strong></span> <span class='ocrx_word' id='word_1_362' title='bbox 1163 4881 1237 4948; x_wconf 86' lang='lat' dir='ltr'><strong>Kap.</strong></span> <span class='ocrx_word' id='word_1_363' title='bbox 1257 4880 1291 4934; x_wconf 89' lang='lat' dir='ltr'><strong>K.</strong></span> <span class='ocrx_word' id='word_1_364' title='bbox 1319 4909 1345 4919; x_wconf 93' lang='lat'>-</span> <span class='ocrx_word' id='word_1_365' title='bbox 1377 4880 1407 4949; x_wconf 93' lang='lat' dir='ltr'><strong>d)</strong></span> <span class='ocrx_word' id='word_1_366' title='bbox 1427 4881 1521 4947; x_wconf 87' lang='lat' dir='ltr'><strong>,fideli‘</strong></span> <span class='ocrx_word' id='word_1_367' title='bbox 1541 4897 1577 4936; x_wconf 88' lang='lat' dir='ltr'><strong>ve</strong></span> <span class='ocrx_word' id='word_1_368' title='bbox 1596 4881 1684 4934; x_wconf 75' lang='lat' dir='ltr'><strong>vsech</strong></span> <span class='ocrx_word' id='word_1_369' title='bbox 1704 4882 1745 4932; x_wconf 87' lang='lat' dir='ltr'><strong>rk.</strong></span> <span class='ocrx_word' id='word_1_370' title='bbox 1766 4909 1799 4918; x_wconf 98' lang='lat'><em>-</em></span> 
     </span>
     <span class='ocr_line' id='line_1_40' title="bbox 358 4969 1799 5040; baseline -0.001 -17"><span class='ocrx_word' id='word_1_371' title='bbox 358 4977 385 5035; x_wconf 88' lang='lat' dir='ltr'><strong>e)</strong></span> <span class='ocrx_word' id='word_1_372' title='bbox 412 4971 494 5036; x_wconf 86' lang='lat' dir='ltr'><strong>,hinc‘</strong></span> <span class='ocrx_word' id='word_1_373' title='bbox 513 4969 564 5032; x_wconf 92' lang='lat' dir='ltr'><strong>ln.,</strong></span> <span class='ocrx_word' id='word_1_374' title='bbox 584 4971 709 5032; x_wconf 84' lang='lat' dir='ltr'><strong>,habere‘</strong></span> <span class='ocrx_word' id='word_1_375' title='bbox 735 4970 791 5022; x_wconf 88' lang='lat' dir='ltr'><strong>Mn.</strong></span> <span class='ocrx_word' id='word_1_376' title='bbox 827 4999 858 5008; x_wconf 91' lang='lat'>—</span> <span class='ocrx_word' id='word_1_377' title='bbox 891 4971 1093 5038; x_wconf 83' lang='lat' dir='ltr'><strong>f),voluerint‘</strong></span> <span class='ocrx_word' id='word_1_378' title='bbox 1117 4970 1167 5036; x_wconf 93' lang='lat' dir='ltr'><strong>ln.,</strong></span> <span class='ocrx_word' id='word_1_379' title='bbox 1187 4971 1329 5036; x_wconf 87' lang='lat' dir='ltr'><strong>,voluerit‘</strong></span> <span class='ocrx_word' id='word_1_380' title='bbox 1355 4970 1412 5022; x_wconf 89' lang='lat' dir='ltr'><strong>Mn.</strong></span> <span class='ocrx_word' id='word_1_381' title='bbox 1441 4999 1472 5008; x_wconf 88' lang='lat'>-</span> <span class='ocrx_word' id='word_1_382' title='bbox 1501 4975 1528 5040; x_wconf 76' lang='lat' dir='ltr'><strong>gl</strong></span> <span class='ocrx_word' id='word_1_383' title='bbox 1555 4971 1597 5034; x_wconf 79' lang='lat' dir='ltr'><strong>,ll‘</strong></span> <span class='ocrx_word' id='word_1_384' title='bbox 1623 4969 1694 5037; x_wconf 86' lang='lat' dir='ltr'><strong>Kap.</strong></span> <span class='ocrx_word' id='word_1_385' title='bbox 1714 4971 1736 5038; x_wconf 93' lang='lat' dir='ltr'><strong>J.</strong></span> <span class='ocrx_word' id='word_1_386' title='bbox 1765 4999 1799 5006; x_wconf 99' lang='lat'>—</span> 
     </span>
     <span class='ocr_line' id='line_1_41' title="bbox 358 5057 1802 5129; baseline -0.003 -15"><span class='ocrx_word' id='word_1_387' title='bbox 358 5059 388 5128; x_wconf 92' lang='lat' dir='ltr'><strong>h)</strong></span> <span class='ocrx_word' id='word_1_388' title='bbox 408 5059 595 5121; x_wconf 87' lang='lat' dir='ltr'><strong>,Erothensis‘</strong></span> <span class='ocrx_word' id='word_1_389' title='bbox 614 5060 662 5122; x_wconf 87' lang='lat' dir='ltr'><strong>ln,</strong></span> <span class='ocrx_word' id='word_1_390' title='bbox 683 5059 857 5123; x_wconf 77' lang='lat' dir='ltr'><strong>,Erohensis</strong></span> <span class='ocrx_word' id='word_1_391' title='bbox 878 5059 943 5126; x_wconf 85' lang='lat' dir='ltr'><strong>Mn,</strong></span> <span class='ocrx_word' id='word_1_392' title='bbox 964 5061 1105 5122; x_wconf 90' lang='lat' dir='ltr'><strong>,Romani,</strong></span> <span class='ocrx_word' id='word_1_393' title='bbox 1124 5059 1228 5129; x_wconf 86' lang='lat' dir='ltr'><strong>Egidii,</strong></span> <span class='ocrx_word' id='word_1_394' title='bbox 1247 5059 1368 5112; x_wconf 89' lang='lat' dir='ltr'><strong>Thome‘</strong></span> <span class='ocrx_word' id='word_1_395' title='bbox 1383 5067 1437 5113; x_wconf 87' lang='lat' dir='ltr'><strong>etc.</strong></span> <span class='ocrx_word' id='word_1_396' title='bbox 1458 5060 1530 5127; x_wconf 89' lang='lat' dir='ltr'><strong>Kap.</strong></span> <span class='ocrx_word' id='word_1_397' title='bbox 1549 5061 1571 5129; x_wconf 92' lang='lat' dir='ltr'><strong>J.</strong></span> <span class='ocrx_word' id='word_1_398' title='bbox 1599 5089 1629 5098; x_wconf 95' lang='lat'><em>-</em></span> <span class='ocrx_word' id='word_1_399' title='bbox 1657 5057 1677 5128; x_wconf 91' lang='lat' dir='ltr'><strong>i)</strong></span> <span class='ocrx_word' id='word_1_400' title='bbox 1697 5058 1802 5120; x_wconf 87' lang='lat' dir='ltr'><strong>,Turti-</strong></span> 
     </span>
     <span class='ocr_line' id='line_1_42' title="bbox 358 5147 1803 5220; baseline -0.003 -16"><span class='ocrx_word' id='word_1_401' title='bbox 358 5152 515 5220; x_wconf 81' lang='lat' dir='ltr'><strong>bergensis‘</strong></span> <span class='ocrx_word' id='word_1_402' title='bbox 536 5149 584 5215; x_wconf 89' lang='lat' dir='ltr'><strong>ln,</strong></span> <span class='ocrx_word' id='word_1_403' title='bbox 609 5149 845 5210; x_wconf 87' lang='lat' dir='ltr'><strong>,Turtiburensis‘</strong></span> <span class='ocrx_word' id='word_1_404' title='bbox 875 5149 939 5213; x_wconf 88' lang='lat' dir='ltr'><strong>Mn,</strong></span> <span class='ocrx_word' id='word_1_405' title='bbox 968 5148 1198 5220; x_wconf 87' lang='lat' dir='ltr'><strong>,Turbergensis‘</strong></span> <span class='ocrx_word' id='word_1_406' title='bbox 1218 5149 1293 5216; x_wconf 85' lang='lat' dir='ltr'><strong>Kap.</strong></span> <span class='ocrx_word' id='word_1_407' title='bbox 1313 5147 1347 5202; x_wconf 89' lang='lat' dir='ltr'><strong>K.</strong></span> <span class='ocrx_word' id='word_1_408' title='bbox 1377 5177 1407 5187; x_wconf 90' lang='lat'><em>-</em></span> <span class='ocrx_word' id='word_1_409' title='bbox 1436 5147 1457 5219; x_wconf 88' lang='lat' dir='ltr'><strong>j)</strong></span> <span class='ocrx_word' id='word_1_410' title='bbox 1488 5147 1639 5218; x_wconf 77' lang='lat' dir='ltr'><strong>uoplnsno</strong></span> <span class='ocrx_word' id='word_1_411' title='bbox 1660 5149 1706 5202; x_wconf 90' lang='lat' dir='ltr'><strong>dle</strong></span> <span class='ocrx_word' id='word_1_412' title='bbox 1735 5147 1803 5208; x_wconf 67' lang='lat' dir='ltr'><strong>Mn..</strong></span> 
     </span>
     <span class='ocr_line' id='line_1_43' title="bbox 359 5239 646 5298; baseline -0.014 -4"><span class='ocrx_word' id='word_1_413' title='bbox 359 5241 417 5294; x_wconf 89' lang='lat' dir='ltr'><strong>kde</strong></span> <span class='ocrx_word' id='word_1_414' title='bbox 437 5239 646 5298; x_wconf 63' lang='lat' dir='ltr'><strong>,Auctinensist</strong></span> 
     </span>
    </p>
   </div>
   <div class='ocr_carea' id='block_1_10' title="bbox 0 0 2008 5846">
    <p class='ocr_par' dir='ltr' id='par_1_10' title="bbox 0 0 2008 5846">
     <span class='ocr_line' id='line_1_44' title="bbox 0 0 2008 5846; baseline 0 1"><span class='ocrx_word' id='word_1_415' title='bbox 0 0 2008 5846; x_wconf 95' lang='lat' dir='ltr'><strong> </strong></span> 
     </span>
    </p>
   </div>
  </div>
 </body>
</html>
