4008 5846
1061 358 1094 406 48

1052 571 1105 634 53.

354 714 478 795 Biskup
507 715 537 778 T
533 715 622 777 obicis
645 716 795 796 natabuje
819 715 1079 796 nejmenovanylm
1110 713 1279 790 dlkumlm,
1310 714 1371 795 uby
1391 714 1568 797 prolzldsili
1598 715 1710 777 klatbu
1734 715 1804 778 nod

756 823 842 898 te'mi,
865 821 950 884 kler'z'
969 822 1103 904 oloupili
1115 821 1272 904 jake‘lzosi
1294 821 1403 884 rdlzna.

1410 961 1693 1047 (ψη-12903).

468 1106 632 1169 Dominus
664 1108 843 1186 episcopus
867 1106 1007 1168 mandat
1031 1106 1175 1183 decanis,
1211 1115 1249 1168 ut
1279 1108 1575 1169 excomunicarent
1607 1108 1689 1184 illos,

855 1213 911 1294 qui
935 1212 1089 1276 clericum
1113 1213 1308 1292 spoliarunt.

461 1349 653 1438 Th(obias)²
678 1364 739 1417 etc.
772 1355 903 1418 dilectis
934 1357 967 1417 in
998 1353 1130 1418 Christo
1161 1355 1234 1418 filiis
1252 1403 1284 1416 ..
1309 1350 1407 1418 et..b
1438 1355 1576 1419 decanis
1608 1357 1701 1420 de..
1726 1357 1802 1420 loco

356 1463 495 1526 salutem
527 1464 559 1525 in
583 1463 729 1525 domino.
755 1462 963 1525 Discrecioni
986 1472 1094 1524 vestre
1124 1464 1322 1526 mandamus
1346 1466 1378 1526 in
1402 1465 1520 1526 virtute
1545 1464 1741 1527 obediencie
1766 1475 1803 1527 et

355 1572 417 1632 sub
442 1590 528 1649 pena
552 1571 780 1649 suspensionis
805 1570 847 1631 ab
872 1573 1022 1651 ingressu
1047 1570 1187 1634 ecclesie
1211 1569 1348 1632 firmiter
1374 1581 1407 1634 et
1430 1591 1601 1651 expresse,
1636 1581 1803 1652 quatenus

355 1697 472 1740 omnes
508 1676 582 1740 illos
612 1688 646 1740 et
677 1676 830 1759 singulos,
866 1677 985 1758 qui..c
1015 1679 1215 1755 dyaconum,
1251 1679 1408 1739 nuncium
1433 1691 1466 1740 et
1489 1680 1656 1740 notarium
1681 1679 1803 1741 nobilis

355 1785 414 1845 viri
438 1784 566 1846 domini
583 1833 589 1846 .
608 1779 632 1846 ,ἀ
649 1786 691 1847 de
710 1832 717 1848 .
735 1833 742 1847 .
760 1784 849 1865 apud
867 1785 1035 1847 civitatem
1050 1785 1151 1846 talem
1169 1787 1272 1865 equis,
1288 1788 1501 1860 vestimentis,
1519 1786 1659 1864 pecunie
1675 1805 1805 1846 summa

353 1892 409 1953 tali
442 1900 475 1952 et
506 1893 605 1954 rebus
636 1892 708 1955 aliis
739 1891 884 1972 spoliare
916 1912 1000 1954 ausu
1023 1891 1186 1972 sacrilego
1211 1902 1492 1972 presumpserunt,
1527 1911 1645 1954 manus
1669 1895 1701 1955 in
1726 1912 1804 1955 eum

354 1998 524 2061 inicientes
558 2000 678 2061 timore
713 1999 767 2061 dei
803 2000 1008 2079 postpositoe
1041 2010 1167 2060 temere
1204 2000 1374 2073 violentas,
1409 2009 1477 2063 tam
1513 2001 1570 2062 diu
1606 2001 1638 2062 in
1674 2002 1806 2062 omnius

354 2104 580 2168 decanatuum
604 2115 788 2168 vestrorum
809 2106 958 2168 ecclesiis
974 2105 1181 2168 denuncietis
1198 2115 1230 2167 et
1246 2101 1451 2168 denunciaris
1472 2110 1804 2170 excomunicacionis

356 2214 525 2274 sentencie
548 2212 677 2276 faciatis
701 2209 927 2294 (subiacerev,
951 2212 1091 2292 pulsatis
1115 2216 1287 2292 campanis
1312 2224 1344 2275 et
1368 2215 1515 2277 candelis
1539 2216 1707 2290 extinctis,
1739 2216 1804 2276 sin·

356 2317 439 2400 gulis
464 2319 583 2383 diebus
607 2320 782 2383 dominicis
807 2330 840 2382 et
864 2319 996 2396 festivis,
1029 2329 1065 2382 ut
1096 2323 1139 2383 ab
1164 2321 1323 2384 universis
1356 2318 1477 2384 Christi
1509 2322 1664 2385 fidelibus
1696 2323 1805 2385 arcius

356 2428 525 2502 evitentur,
563 2427 672 2489 donec
704 2427 765 2507 ipsi
798 2421 883 2490 leso¹¹
908 2427 1140 2490 satisfaccione
1165 2429 1326 2506 premissa
1350 2438 1556 2512 congruente
1581 2448 1656 2492 cum
1682 2433 1805 2493 nostris

356 2533 472 2595 litteris
496 2534 611 2595 sedem
636 2533 857 2614 apostolicam
881 2534 1003 2596 adeant
1027 2544 1062 2596 et
1085 2535 1210 2598 ibidem
1234 2535 1265 2598 in
1291 2535 1396 2598 lorma
1421 2536 1561 2599 ecclesie
1578 2537 1752 2600 obtineant
1769 2557 1805 2599 se

356 2639 493 2713 absolvi,
532 2659 632 2720 super
656 2642 872 2704 absolucione
896 2661 956 2702 sua
981 2643 1076 2704 vobis
1099 2642 1339 2705 testimoniales
1363 2643 1489 2704 litteras
1514 2652 1732 2722 reportantes.
1770 2643 1805 2708 Si

358 2765 435 2808 vero
471 2748 590 2829 aliquis
623 2749 787 2827 plebanus
810 2750 1008 2811 mandatum
1032 2757 1187 2822 vestrum,
1223 2768 1302 2827 ymo
1328 2751 1444 2829 pocius
1468 2759 1628 2826 nostrum,
1664 2753 1804 2830 exsequi

357 2873 425 2915 non
458 2856 619 2918 curaverit
650 2857 682 2917 in
715 2856 777 2918 hac
801 2865 904 2936 parte,
936 2849 1022 2918 eumi
1047 2856 1143 2918 simili
1176 2857 1507 2919 excomunicacionis
1531 2860 1701 2920 sentencia
1727 2878 1804 2938 pro-

358 2961 477 3022 cellere
501 2961 690 3026 nullatenus
714 2965 932 3042 postponatis
958 2963 1105 3043 alioquin
1130 2973 1246 3026 contra
1268 2939 1329 3025 ivos
1353 2973 1526 3027 crescente
1542 2969 1754 3028 contumacia
1772 2975 1806 3028 et

359 3085 479 3144 penam
504 3087 653 3131 crescere
677 3068 845 3132 iaciemus.
872 3068 996 3130 Datum
1021 3077 1092 3144 etc,
1117 3068 1330 3148 pontificatus
1355 3074 1459 3133 nostri
1484 3080 1546 3134 etc.

464 3243 523 3295 Fol.
543 3245 567 3296 8·
587 3242 610 3296 ὅ.
630 3247 672 3308 53,
691 3243 737 3296 tel
756 3259 775 3296 v
794 3244 933 3310 rukopise
952 3244 1083 3312 kapituly
1097 3244 1221 3297 Pralske
1237 3244 1251 3312 J
1269 3242 1315 3297 tob
1335 3245 1383 3300 iol.
1403 3249 1473 3298 253¹.
1501 3245 1527 3299 O
1547 3247 1802 3316 chronologickem

357 3333 490 3384 ornezenl
509 3333 609 3386 rokem
631 3333 892 3387 1290srov.1'1vod
913 3332 936 3385 ll
957 3337 981 3386 3.

1054 3623 1105 3684 54.

359 3761 473 3824 Mistr'a'
507 3760 538 3827 C.
570 3782 591 3824 a
625 3762 667 3827 W.
703 3763 876 3826 kanovnr'ci
897 3763 1033 3828 Praesti
1063 3765 1212 3847 narieujz'
1239 3785 1258 3826 a
1281 3764 1422 3828 roakaau
1445 3766 1622 3848 biskupova
1646 3770 1804 3848 nejmeno·

359 3873 477 3950 vanylm
500 3867 659 3942 vika'r'rlm,
683 3872 744 3946 aby
762 3871 899 3954 polznali
921 3872 1096 3954 arcpdlzna
1112 3873 1151 3933 R.
1170 3871 1191 3932 k
1208 3873 1428 3951 sodpovz'ddm'
1439 3893 1473 3935 se
1488 3873 1665 3952 kaplanovi
1678 3873 1806 3954 biskup·

358 3974 471 4038 skdmu
505 3997 526 4036 a
557 3975 777 4040 krdlovskdmu
813 3977 884 4053 He,
910 3981 1028 4060 semul
1057 3980 1207 4042 ukr'ivdil
1238 4000 1260 4040 v
1282 3980 1504 4042 edleeitostecn
1535 3981 1713 4062 penlz'nr‘clz
1736 4003 1757 4042 a
1773 3983 1805 4064 j.

1356 4209 1357 4214 .
1415 4155 1697 4242 μευ-13909).

416 4293 642 4359 Executores¹t
659 4316 717 4359 seu
734 4297 861 4360 iudices
878 4298 1019 4380 delegati
1037 4299 1308 4360 commissionem
1325 4300 1368 4361 ab
1385 4301 1545 4380 episcopo
1564 4310 1750 4365 execuntur

584 4405 852 4468 demonstrantes
876 4405 1102 4486 subdelegatis
1126 4407 1397 4469 commissionem
1421 4409 1581 4487 episcopi.

467 4546 623 4629 Magister
647 4541 693 4610 C.¹
717 4559 750 4610 et
773 4550 931 4632 magister
956 4548 1035 4611 W.¹¹¹
1059 4549 1232 4631 Pragensis
1256 4547 1397 4612 ecclesie
1413 4551 1572 4630 canonici,
1589 4573 1609 4613 a
1625 4552 1806 4615 venerabili

360 4655 393 4716 in
426 4651 558 4717 Christo
588 4665 681 4736 patre
705 4667 821 4719 nostro
846 4665 878 4718 et
903 4655 1040 4718 domino
1065 4651 1227 4738 Th(obia)
1252 4657 1307 4719 dei
1330 4658 1441 4738 gracia
1466 4657 1620 4740 Pragensi
1644 4660 1806 4740 episcopo

467 4848 495 4912 a)
515 4847 557 4916 ,Jo
579 4846 606 4899 d.
626 4861 650 4916 g.
672 4846 750 4917 Prag.
771 4850 825 4915 ep.⁸
846 4848 919 4915 Kap.
933 4848 954 4918 J.
984 4877 1017 4886 -
1043 4848 1073 4915 b)
1094 4865 1130 4916 ‚p.
1150 4855 1179 4902 et
1198 4850 1234 4901 b.¹
1254 4848 1325 4918 Kap.
1340 4850 1360 4919 J.
1387 4879 1418 4887 -
1444 4847 1471 4918 c)
1491 4848 1625 4914 ,Petrum‘
1645 4850 1717 4919 Kap.
1729 4853 1750 4922 J.
1772 4879 1806 4890 -

359 4935 391 5004 d)
410 4935 452 5001 ‚tt
474 4936 512 4989 de
530 4943 568 4990 ta.
585 4936 630 4990 lo.‘
645 4936 717 5004 Kap.
731 4937 753 5006 J.
775 4965 808 4974 —
823 4937 849 5004 e)
866 4939 1033 5006 ,preposito‘
1053 4937 1101 5002 In.,
1121 4939 1303 5007 ,postposito¹
1324 4939 1395 5006 Kap.
1407 4939 1428 5006 J.
1450 4967 1481 4978 -
1502 4939 1523 5005 f)
1544 4940 1738 5004 ,denunciare‘
1758 4941 1807 5004 In,

358 5025 545 5093 ,denunciari
566 5026 638 5093 Kap.
652 5026 674 5095 J.
695 5055 727 5064 -
747 5025 776 5095 g)
796 5026 949 5094 Doplnltno
970 5028 1017 5081 dle
1036 5027 1110 5094 Kap.
1121 5027 1145 5095 J.
1166 5057 1199 5066 -
1220 5025 1249 5096 h)
1270 5028 1331 5094 ,ipsi
1352 5028 1411 5080 lesi‘
1437 5027 1484 5089 ln,
1512 5029 1583 5095 ,ipso
1609 5031 1677 5083 leso‘
1698 5028 1769 5098 Kap.
1783 5029 1806 5100 J.

361 5143 395 5152 —
413 5113 433 5183 i)
452 5113 535 5176 ,cum'
555 5115 603 5176 ln..
624 5130 699 5182 ,eum
720 5114 792 5182 Kap.
806 5115 828 5186 J.
851 5145 881 5155 -
903 5116 932 5185 k)
951 5116 1168 5180 ,Excusatores‘
1193 5117 1240 5179 ln..
1268 5123 1459 5180 ‚executores
1481 5116 1553 5185 Kap.
1566 5119 1588 5188 J.
1606 5149 1638 5156 —
1653 5118 1672 5184 1)
1687 5121 1806 5180 ,Petrus‘

361 5202 433 5271 Kap.
446 5203 469 5272 J.
484 5233 516 5242 —
531 5206 570 5272 m)
586 5202 627 5268 ,G‘
642 5204 714 5272 Kap.
727 5205 751 5275 J.
