3968 5848
902 489 937 539 59

889 703 943 766 65.

194 835 322 920 Br'sleup
353 837 474 902 Tobia'i
495 843 644 923 nafizuse
673 841 912 906 duchovenstvu
942 866 964 907 v
987 849 1244 928 ney'menovone'm
1274 852 1556 931 archidiakondtu,
1579 859 1641 939 aby

189 945 260 1024 pocl
280 955 408 1008 trestem
430 945 539 1027 klatby
569 948 724 1029 caplatilo
746 950 862 1031 obnosy
894 973 938 1013 na
962 953 1003 1014 nl
1030 956 1207 1019 roavrz'ene‘
1232 957 1414 1022 kontrr'buce
1439 974 1502 1042 pro
1532 963 1640 1045 legdta

266 1052 471 1136 papeiskdlao
495 1055 605 1133 (Jana
628 1055 763 1138 biskupa
794 1057 823 1120 T
818 1057 1021 1144 usculskelm)
1046 1082 1089 1124 na
1108 1063 1287 1145 prokuracr'
1308 1067 1450 1130 druhdlzo
1474 1069 1564 1134 roku.

1275 1203 1380 1288 (1288
1399 1211 1533 1292 blezen).

308 1341 499 1425 Episcopus
523 1345 662 1408 mandat
686 1347 837 1426 plebanis
861 1351 923 1411 sub
949 1353 1278 1428 excomunicacione,
1302 1364 1338 1414 ut
1362 1355 1539 1417 obedirent

790 1455 1055 1518 archidiacono·

304 1591 498 1672 Tb(obias)b
522 1598 577 1660 dei
599 1601 712 1679 gracia
738 1607 799 1660 etc.
824 1598 954 1661 dilectis
978 1600 1009 1660 in
1033 1596 1167 1662 Christo
1192 1599 1272 1678 filiis,
1304 1604 1464 1667 universis
1495 1607 1643 1684 decanis,

197 1705 350 1784 plebanis
382 1713 416 1766 et
446 1705 674 1785 viceplebanis
705 1705 737 1768 in
761 1707 819 1768 tali
843 1706 1125 1784 archidyaconatu
1150 1709 1338 1772 constitutis
1362 1711 1502 1774 salutem
1528 1715 1559 1775 in
1583 1713 1644 1776 do·

198 1813 296 1873 mino.
323 1809 492 1874 Universis
517 1813 611 1875 vobis
635 1823 668 1874 et
692 1813 826 1896 singulis
851 1817 883 1876 in
908 1815 1026 1877 virtute
1052 1815 1250 1878 obediencie
1274 1825 1308 1878 et
1323 1821 1386 1879 sub
1404 1837 1488 1896 pena
1505 1840 1644 1900 suspen·

197 1923 301 1983 sionis
332 1920 376 1981 ab
410 1923 558 2002 ingressu
584 1919 725 1983 ecclesie
749 1921 950 1984 mandamus
974 1921 1110 1984 firmiter
1134 1933 1167 1985 et
1191 1923 1349 2002 districte,
1380 1937 1543 2006 quatenus
1567 1947 1645 1990 con-

198 2028 395 2090 tribucionis
430 2037 571 2108 partem,
606 2047 708 2109 quam
745 2029 881 2091 cuilibet
915 2039 1060 2092 vestrum
1098 2029 1304 2095 honorabilis
1339 2036 1385 2095 vir
1422 2036 1646 2098 dominus..⁰

198 2137 469 2214 archidyaconus
501 2145 609 2198 vester
633 2139 819 2215 inposuerit
843 2135 1090 2200 racionabiliter
1115 2147 1148 2198 et
1171 2139 1285 2217 inponi
1310 2139 1434 2218 lecerit,
1468 2143 1646 2204 taxacione

199 2264 347 2328 congrua
379 2245 589 2324 precedente,
625 2245 669 2307 ad
705 2244 834 2307 dandas
867 2247 1125 2324 procuraciones
1157 2248 1294 2308 domino
1319 2246 1429 2330 legato
1453 2249 1541 2311 sedis
1565 2267 1647 2330 apo-

199 2353 317 2415 stolice
354 2353 386 2415 in
419 2352 484 2414 hoc
516 2371 604 2415 anno
636 2353 787 2414 secundo
819 2370 878 2414 sue
911 2351 1099 2433 legacionis,
1135 2373 1237 2434 quarn
1261 2354 1371 2416 eidem
1394 2354 1476 2418 inira
1501 2357 1647 2418 duorum

199 2463 367 2522 mensium
401 2461 552 2540 spacium
583 2461 625 2522 de
657 2471 727 2522 tota
759 2469 874 2523 nostra
905 2461 1039 2522 civitate
1069 2470 1102 2521 et
1134 2461 1272 2537 dyocesi
1296 2463 1446 2542 cogimur
1469 2462 1647 2541 destinare,

200 2587 277 2630 cum
302 2587 433 2632 summa
458 2571 599 2648 pecunie
624 2569 743 2648 prioris
766 2569 955 2630 taxacionis
980 2580 1013 2629 et
1036 2568 1144 2630 usuris
1169 2585 1283 2630 earum
1300 2569 1442 2632 fideliter
1458 2578 1492 2632 et
1507 2572 1648 2653 integra·

201 2677 274 2739 liter
297 2681 331 2739 in
356 2676 447 2738 bono
472 2683 505 2737 et
529 2696 614 2756 puro
638 2685 776 2756 argento
801 2677 872 2738 sine
896 2675 1120 2737 diminucione
1145 2684 1178 2736 et
1194 2676 1358 2738 dilacione
1375 2677 1523 2758 qualibet
1539 2679 1648 2741 exsol-

202 2787 285 2847 vatis
309 2789 342 2846 in
366 2785 516 2859 termino,
540 2784 597 2863 qui
612 2785 790 2864 unicuique
807 2793 951 2845 vestrum
967 2802 1070 2862 super
1087 2783 1150 2844 hoc
1168 2780 1266 2845 luerit
1281 2785 1477 2866 assignatus,
1501 2787 1649 2866 alioquin

202 2913 261 2973 per
286 2893 489 2954 reverendos
512 2893 544 2953 in
569 2888 702 2954 Christo
727 2899 838 2972 patres
862 2891 1037 2953 dominum
1061 2889 1206 2973 legatum
1224 2891 1410 2971 predictum
1427 2900 1460 2954 et
1476 2894 1650 2956 dominum

202 3000 494 3080 archiepiscopum
518 2993 796 3082 (Maguntinum)d
817 3019 935 3061 aenos
953 2997 1100 3078 prolatas
1117 2999 1446 3061 excomunicacionis
1463 3002 1651 3063 sentencias

203 3119 237 3170 et
266 3109 298 3171 in
332 3107 488 3189 Pragensi
520 3109 662 3170 ecclesia
687 3106 874 3185 publicatas
898 3107 1038 3187 quilibet
1061 3115 1216 3181 vestrum,
1241 3107 1296 3186 qui
1320 3107 1516 3170 mandatum
1541 3108 1651 3170 huius-

204 3216 295 3278 modi
328 3218 361 3278 in
391 3224 499 3277 totum
524 3235 592 3277 non
616 3212 731 3276 lecerit
755 3227 813 3275 aut
837 3233 897 3293 pro
923 3212 1032 3294 aliqua
1056 3213 1106 3275 sui
1131 3222 1225 3292 parte
1249 3213 1281 3274 in
1305 3216 1448 3276 termino
1472 3215 1534 3276 sibi
1560 3215 1651 3290 dato,

204 3335 330 3388 extunc
356 3334 455 3402 prout
471 3342 607 3386 exnunc
624 3343 659 3384 se
676 3325 805 3383 noverit
821 3321 980 3382 incurisse
990 3339 998 3396 ;
1023 3339 1083 3382 nec
1101 3319 1217 3401 aliquis
1234 3319 1276 3380 ab
1293 3320 1420 3382 eisdem
1436 3322 1651 3384 absolventur

205 3434 383 3494 sentenciis
418 3451 477 3512 per
509 3431 609 3494 alium
642 3449 743 3511 quam
777 3449 835 3506 per
865 3447 927 3491 nos
959 3439 992 3490 et
1024 3429 1177 3490 dominos
1201 3429 1422 3507 supradictos.
1463 3426 1653 3492 Consulatis

205 3543 301 3623 igitur
326 3541 491 3602 vobismet
515 3539 603 3618 ipsis,
627 3539 719 3620 quod
743 3537 918 3600 iamdictas
939 3537 1295 3599 excomunicacionum
1313 3536 1502 3600 sentencias
1518 3537 1653 3611 evitetis,

206 3669 281 3712 narn
314 3658 439 3711 sortem
473 3659 505 3709 et
529 3665 646 3708 usuras
671 3647 770 3725 ipsos,
807 3646 863 3726 qui
888 3647 920 3706 in
944 3663 1002 3706 eas
1026 3644 1207 3718 inciderint,
1233 3652 1412 3724 antequam
1436 3643 1653 3707 absolvantur

206 3771 239 3820 et
263 3757 360 3836 plene
384 3752 588 3816 satisfaciant
612 3774 673 3834 pro
697 3753 890 3828 commissis,
915 3752 1043 3814 solvere
1067 3751 1245 3828 oportebit.
1271 3749 1395 3811 Datum
1420 3749 1532 3832 Prage.

314 3913 376 3966 Fol.
396 3913 474 3965 10¹6
502 3915 545 3975 65,
574 3911 619 3964 tei
648 3927 666 3962 v
686 3911 825 3977 rukopise
853 3909 982 3978 kapituly
1009 3909 1132 3962 Praiske
1156 3907 1170 3976 J
1190 3905 1236 3960 40¹²
1256 3906 1302 3960 fol.
1323 3904 1391 3960 247¹.
1429 3905 1515 3960 Slova
1542 3907 1578 3971 ,in
1598 3907 1654 3958 hoc

207 4019 284 4057 anno
303 4003 435 4056 secundo
454 4019 506 4056 sue
526 4002 690 4072 legacionis
712 4001 868 4068 poukazuji
888 4001 906 4050 k
926 4016 946 4052 r.
969 4001 1037 4052 1288
1066 3997 1148 4051 Srov.
1169 4013 1250 4059 poan.
1271 4013 1288 4048 u
1309 3997 1360 4049 cis.
1380 4001 1422 4048 63.

906 4181 957 4243 66.

210 4329 387 4412 Arcijdhen
410 4328 560 4410 nar'isuje
590 4325 757 4400 de'kanovi,
790 4325 850 4406 uby
872 4325 1013 4405 aaplatil
1041 4324 1136 4386 obnos
1160 4325 1226 4384 nari
1246 4321 1450 4404 phpadajict‘
1472 4341 1516 4382 na
1536 4320 1654 4402 probu-

306 4439 381 4501 raci
400 4435 544 4500 druheiho
567 4434 647 4497 roku
665 4433 869 4517 papedske‘lzo
892 4433 1002 4514 legdta
1026 4431 1138 4510 (Jana
1162 4427 1299 4509 biskupa
1328 4427 1358 4490 T
1354 4425 1566 4508 usculske'lw).

1286 4569 1392 4650 (1288
1412 4566 1548 4649 diesen).

256 4727 537 4804 Archidyaconus
561 4723 697 4786 mandat
721 4721 852 4784 decano
877 4738 948 4796 su0,
976 4728 1013 4780 ut
1037 4717 1324 4780 contribucionem
1349 4715 1398 4776 eis
1421 4713 1613 4792 impositam

507 4833 707 4913 quantocius
731 4831 860 4910 possint
884 4828 1054 4908 assignent
1078 4825 1276 4886 intermino
1300 4820 1367 4884 tali.

321 4959 353 5022 P.
379 4959 487 5022 divina
511 4957 730 5019 miseracione
755 4954 1080 5031 archidyaconus..
1106 4949 1249 5010 honesto
1274 4946 1343 5008 viro
1370 4951 1416 5007 ..⁸
1441 4943 1572 5006 decano
1597 4961 1659 5004 suo

215 5072 247 5132 in
272 5118 302 5131 ..
328 5067 472 5131 salutem
495 5067 528 5127 in
553 5063 699 5126 domino.
726 5062 854 5124 Noscat
878 5059 1040 5123 discrecio
1064 5069 1130 5132 tua,
1163 5055 1254 5138 quod
1279 5054 1323 5116 ad
1348 5051 1479 5115 dandas
1502 5068 1659 5130 procura-

215 5201 428 5212 ...ρ-...-

320 5264 347 5326 a)
382 5263 410 5314 in
431 5260 580 5329 posicione
599 5256 837 5312 contribucionis¹
857 5252 929 5322 Kap.
941 5253 963 5322 J.
985 5281 1017 5290 -
1037 5251 1066 5314 b)
1087 5247 1138 5318 =i⁰¹
1158 5245 1231 5315 Kap.
1244 5247 1266 5316 J.
1283 5275 1316 5285 -
1330 5243 1357 5315 c)
1371 5242 1490 5305 ‚Petrus‘
1505 5241 1575 5308 Kap.
1589 5239 1610 5309 J.
1626 5266 1658 5280 -
1739 5247 1743 5256 ‘

216 5353 246 5408 dl
266 5355 380 5418 ...¹0ba
400 5353 441 5406 rk.
462 5379 494 5388 -
515 5348 542 5420 e)
580 5348 620 5412 ,C.
642 5363 695 5402 suo
715 5347 820 5400 de..‘
846 5344 918 5411 Kap.
938 5345 961 5414 J.
