<?xml version="1.0" encoding="UTF-8"?>
<!DOCTYPE html PUBLIC "-//W3C//DTD XHTML 1.0 Transitional//EN"
    "http://www.w3.org/TR/xhtml1/DTD/xhtml1-transitional.dtd">
<html xmlns="http://www.w3.org/1999/xhtml" xml:lang="en" lang="en">
 <head>
  <title>
</title>
<meta http-equiv="Content-Type" content="text/html;charset=utf-8" />
  <meta name='ocr-system' content='tesseract 3.04.00' />
  <meta name='ocr-capabilities' content='ocr_page ocr_carea ocr_par ocr_line ocrx_word'/>
</head>
<body>
  <div class='ocr_page' id='page_1' title='image "./formulbiskupato00novgoog_0111.png"; bbox 0 0 3968 5848; ppageno 0'>
   <div class='ocr_carea' id='block_1_1' title="bbox 888 418 923 468">
    <p class='ocr_par' dir='ltr' id='par_1_1' title="bbox 888 418 923 468">
     <span class='ocr_line' id='line_1_1' title="bbox 888 418 923 468; baseline 0.057 -2"><span class='ocrx_word' id='word_1_1' title='bbox 888 418 923 468; x_wconf 83' lang='lat'>69</span> 
     </span>
    </p>
   </div>
   <div class='ocr_carea' id='block_1_2' title="bbox 883 631 934 694">
    <p class='ocr_par' dir='ltr' id='par_1_2' title="bbox 883 631 934 694">
     <span class='ocr_line' id='line_1_2' title="bbox 883 631 934 694; baseline 0 0"><span class='ocrx_word' id='word_1_2' title='bbox 883 631 934 694; x_wconf 91' lang='lat'>80.</span> 
     </span>
    </p>
   </div>
   <div class='ocr_carea' id='block_1_3' title="bbox 187 768 1628 944">
    <p class='ocr_par' dir='ltr' id='par_1_3' title="bbox 187 768 1628 944">
     <span class='ocr_line' id='line_1_3' title="bbox 187 768 1628 854; baseline 0 -22"><span class='ocrx_word' id='word_1_3' title='bbox 187 768 307 850; x_wconf 70' lang='lat' dir='ltr'>Brskup</span> <span class='ocrx_word' id='word_1_4' title='bbox 345 770 376 834; x_wconf 87' lang='lat' dir='ltr'><em>T</em></span> <span class='ocrx_word' id='word_1_5' title='bbox 372 771 463 835; x_wconf 68' lang='lat' dir='ltr'>abiar</span> <span class='ocrx_word' id='word_1_6' title='bbox 493 771 642 854; x_wconf 71' lang='lat' dir='ltr'>nar&#39;r&#39;auje</span> <span class='ocrx_word' id='word_1_7' title='bbox 674 769 727 842; x_wconf 87' lang='lat' dir='ltr'>Jo.</span> <span class='ocrx_word' id='word_1_8' title='bbox 752 773 872 854; x_wconf 58' lang='lat' dir='ltr'>sardii</span> <span class='ocrx_word' id='word_1_9' title='bbox 902 795 923 836; x_wconf 88' lang='lat' dir='ltr'><em>v</em></span> <span class='ocrx_word' id='word_1_10' title='bbox 946 773 1106 848; x_wconf 64' lang='lat' dir='ltr'>Kourr&#39;mi,</span> <span class='ocrx_word' id='word_1_11' title='bbox 1134 773 1194 853; x_wconf 84' lang='lat' dir='ltr'>aby</span> <span class='ocrx_word' id='word_1_12' title='bbox 1220 773 1379 854; x_wconf 64' lang='lat' dir='ltr'>preby&#39;val</span> <span class='ocrx_word' id='word_1_13' title='bbox 1399 791 1442 832; x_wconf 88' lang='lat' dir='ltr'>na</span> <span class='ocrx_word' id='word_1_14' title='bbox 1470 771 1530 834; x_wconf 86' lang='lat' dir='ltr'>sve&#39;</span> <span class='ocrx_word' id='word_1_15' title='bbox 1546 771 1628 854; x_wconf 61' lang='lat' dir='ltr'>faie</span> 
     </span>
     <span class='ocr_line' id='line_1_4' title="bbox 652 880 1165 944; baseline 0.004 -3"><span class='ocrx_word' id='word_1_16' title='bbox 652 900 673 940; x_wconf 88' lang='lat' dir='ltr'>a</span> <span class='ocrx_word' id='word_1_17' title='bbox 696 883 770 942; x_wconf 78' lang='lat' dir='ltr'>sdm</span> <span class='ocrx_word' id='word_1_18' title='bbox 793 881 946 944; x_wconf 82' lang='lat' dir='ltr'>austa‘val</span> <span class='ocrx_word' id='word_1_19' title='bbox 967 880 1165 944; x_wconf 71' lang='lat' dir='ltr'>botosluabu.</span> 
     </span>
    </p>
   </div>
   <div class='ocr_carea' id='block_1_4' title="bbox 1160 1017 1519 1104">
    <p class='ocr_par' dir='ltr' id='par_1_4' title="bbox 1160 1017 1519 1104">
     <span class='ocr_line' id='line_1_5' title="bbox 1160 1017 1519 1104; baseline -0.006 -20"><span class='ocrx_word' id='word_1_20' title='bbox 1160 1017 1445 1104; x_wconf 62' lang='lat' dir='ltr'>(raselratopaa</span> <span class='ocrx_word' id='word_1_21' title='bbox 1467 1021 1519 1084; x_wconf 81' lang='lat'>22.</span> 
     </span>
    </p>
   </div>
   <div class='ocr_carea' id='block_1_5' title="bbox 294 1163 1516 1336">
    <p class='ocr_par' dir='ltr' id='par_1_5' title="bbox 294 1163 1516 1336">
     <span class='ocr_line' id='line_1_6' title="bbox 294 1163 1516 1246; baseline -0.002 -18"><span class='ocrx_word' id='word_1_22' title='bbox 294 1163 486 1246; x_wconf 86' lang='lat' dir='ltr'>Episcopus</span> <span class='ocrx_word' id='word_1_23' title='bbox 510 1168 649 1229; x_wconf 91' lang='lat' dir='ltr'>mandat</span> <span class='ocrx_word' id='word_1_24' title='bbox 672 1166 828 1246; x_wconf 87' lang='lat' dir='ltr'>plebano,</span> <span class='ocrx_word' id='word_1_25' title='bbox 863 1176 900 1228; x_wconf 90' lang='lat' dir='ltr'>ut</span> <span class='ocrx_word' id='word_1_26' title='bbox 924 1167 1086 1230; x_wconf 83' lang='lat' dir='ltr'>resideret</span> <span class='ocrx_word' id='word_1_27' title='bbox 1109 1166 1196 1228; x_wconf 90' lang='lat' dir='ltr'>circa</span> <span class='ocrx_word' id='word_1_28' title='bbox 1220 1166 1397 1228; x_wconf 90' lang='lat' dir='ltr'>ecclesiam</span> <span class='ocrx_word' id='word_1_29' title='bbox 1422 1184 1516 1227; x_wconf 88' lang='lat' dir='ltr'>suam</span> 
     </span>
     <span class='ocr_line' id='line_1_7' title="bbox 699 1273 1112 1336; baseline 0 0"><span class='ocrx_word' id='word_1_30' title='bbox 699 1273 814 1336; x_wconf 89' lang='lat' dir='ltr'>dando</span> <span class='ocrx_word' id='word_1_31' title='bbox 839 1273 901 1336; x_wconf 89' lang='lat' dir='ltr'>sibi</span> <span class='ocrx_word' id='word_1_32' title='bbox 924 1273 1112 1336; x_wconf 90' lang='lat' dir='ltr'>terminum.</span> 
     </span>
    </p>
   </div>
   <div class='ocr_carea' id='block_1_6' title="bbox 184 1409 1632 2874">
    <p class='ocr_par' dir='ltr' id='par_1_6' title="bbox 184 1409 1632 2874">
     <span class='ocr_line' id='line_1_8' title="bbox 289 1409 1628 1498; baseline 0 -22"><span class='ocrx_word' id='word_1_33' title='bbox 289 1412 484 1497; x_wconf 76' lang='lat' dir='ltr'>Thlobias)l</span> <span class='ocrx_word' id='word_1_34' title='bbox 508 1414 562 1478; x_wconf 91' lang='lat' dir='ltr'>dei</span> <span class='ocrx_word' id='word_1_35' title='bbox 594 1418 706 1496; x_wconf 85' lang='lat' dir='ltr'>gracia</span> <span class='ocrx_word' id='word_1_36' title='bbox 731 1425 793 1476; x_wconf 86' lang='lat' dir='ltr'>etc.</span> <span class='ocrx_word' id='word_1_37' title='bbox 818 1415 941 1480; x_wconf 88' lang='lat' dir='ltr'>dilecto</span> <span class='ocrx_word' id='word_1_38' title='bbox 965 1416 996 1477; x_wconf 96' lang='lat' dir='ltr'>in</span> <span class='ocrx_word' id='word_1_39' title='bbox 1021 1412 1152 1478; x_wconf 91' lang='lat' dir='ltr'>Christo</span> <span class='ocrx_word' id='word_1_40' title='bbox 1176 1415 1244 1478; x_wconf 89' lang='lat' dir='ltr'>filio</span> <span class='ocrx_word' id='word_1_41' title='bbox 1268 1409 1334 1498; x_wconf 84' lang='lat' dir='ltr'>Jo.b</span> <span class='ocrx_word' id='word_1_42' title='bbox 1358 1417 1480 1477; x_wconf 87' lang='lat' dir='ltr'>rectori</span> <span class='ocrx_word' id='word_1_43' title='bbox 1504 1423 1538 1476; x_wconf 92' lang='lat' dir='ltr'>et</span> <span class='ocrx_word' id='word_1_44' title='bbox 1561 1413 1628 1492; x_wconf 91' lang='lat' dir='ltr'>ple-</span> 
     </span>
     <span class='ocr_line' id='line_1_9' title="bbox 186 1519 1630 1604; baseline 0 -22"><span class='ocrx_word' id='word_1_45' title='bbox 186 1521 272 1583; x_wconf 84' lang='lat' dir='ltr'>bano</span> <span class='ocrx_word' id='word_1_46' title='bbox 304 1521 446 1584; x_wconf 87' lang='lat' dir='ltr'>ecclesie</span> <span class='ocrx_word' id='word_1_47' title='bbox 478 1519 698 1586; x_wconf 78' lang='lat' dir='ltr'>Curimensisc</span> <span class='ocrx_word' id='word_1_48' title='bbox 721 1524 863 1586; x_wconf 90' lang='lat' dir='ltr'>salutern</span> <span class='ocrx_word' id='word_1_49' title='bbox 894 1525 927 1584; x_wconf 90' lang='lat' dir='ltr'>in</span> <span class='ocrx_word' id='word_1_50' title='bbox 951 1522 1100 1585; x_wconf 91' lang='lat' dir='ltr'>domino.</span> <span class='ocrx_word' id='word_1_51' title='bbox 1140 1519 1224 1585; x_wconf 90' lang='lat' dir='ltr'>Cum</span> <span class='ocrx_word' id='word_1_52' title='bbox 1248 1522 1389 1604; x_wconf 90' lang='lat' dir='ltr'>quilibet</span> <span class='ocrx_word' id='word_1_53' title='bbox 1412 1521 1574 1602; x_wconf 86' lang='lat' dir='ltr'>plebanus</span> <span class='ocrx_word' id='word_1_54' title='bbox 1597 1529 1630 1583; x_wconf 91' lang='lat' dir='ltr'>et</span> 
     </span>
     <span class='ocr_line' id='line_1_10' title="bbox 185 1628 1629 1712; baseline 0 -22"><span class='ocrx_word' id='word_1_55' title='bbox 185 1637 293 1691; x_wconf 90' lang='lat' dir='ltr'>rector</span> <span class='ocrx_word' id='word_1_56' title='bbox 317 1628 518 1708; x_wconf 90' lang='lat' dir='ltr'>parochialis</span> <span class='ocrx_word' id='word_1_57' title='bbox 542 1630 683 1694; x_wconf 87' lang='lat' dir='ltr'>ecclesie</span> <span class='ocrx_word' id='word_1_58' title='bbox 707 1633 936 1712; x_wconf 91' lang='lat' dir='ltr'>cuiuscunque</span> <span class='ocrx_word' id='word_1_59' title='bbox 959 1629 1050 1710; x_wconf 87' lang='lat' dir='ltr'>apud</span> <span class='ocrx_word' id='word_1_60' title='bbox 1070 1633 1178 1708; x_wconf 84' lang='lat' dir='ltr'>ipsam</span> <span class='ocrx_word' id='word_1_61' title='bbox 1195 1629 1340 1692; x_wconf 90' lang='lat' dir='ltr'>residere</span> <span class='ocrx_word' id='word_1_62' title='bbox 1357 1631 1437 1692; x_wconf 90' lang='lat' dir='ltr'>etin</span> <span class='ocrx_word' id='word_1_63' title='bbox 1455 1650 1504 1705; x_wconf 88' lang='lat' dir='ltr'>ea,</span> <span class='ocrx_word' id='word_1_64' title='bbox 1529 1635 1629 1708; x_wconf 91' lang='lat' dir='ltr'>prout</span> 
     </span>
     <span class='ocr_line' id='line_1_11' title="bbox 184 1736 1627 1818; baseline -0.001 -21"><span class='ocrx_word' id='word_1_65' title='bbox 184 1738 286 1814; x_wconf 91' lang='lat' dir='ltr'>ipsius</span> <span class='ocrx_word' id='word_1_66' title='bbox 317 1755 397 1799; x_wconf 91' lang='lat' dir='ltr'>cura</span> <span class='ocrx_word' id='word_1_67' title='bbox 429 1739 574 1818; x_wconf 76' lang='lat' dir='ltr'>requirit</span> <span class='ocrx_word' id='word_1_68' title='bbox 605 1737 699 1800; x_wconf 89' lang='lat' dir='ltr'>iuxta</span> <span class='ocrx_word' id='word_1_69' title='bbox 724 1747 848 1801; x_wconf 88' lang='lat' dir='ltr'>statuta</span> <span class='ocrx_word' id='word_1_70' title='bbox 872 1755 1044 1800; x_wconf 89' lang='lat' dir='ltr'>sacrorum</span> <span class='ocrx_word' id='word_1_71' title='bbox 1068 1756 1235 1800; x_wconf 89' lang='lat' dir='ltr'>canonum</span> <span class='ocrx_word' id='word_1_72' title='bbox 1260 1737 1479 1818; x_wconf 82' lang='lat' dir='ltr'>personaliter</span> <span class='ocrx_word' id='word_1_73' title='bbox 1504 1736 1627 1797; x_wconf 89' lang='lat' dir='ltr'>debeat</span> 
     </span>
     <span class='ocr_line' id='line_1_12' title="bbox 184 1837 1629 1926; baseline -0.001 -21"><span class='ocrx_word' id='word_1_74' title='bbox 184 1837 378 1921; x_wconf 57' lang='lat' dir='ltr'>deserviret</span> <span class='ocrx_word' id='word_1_75' title='bbox 410 1863 473 1906; x_wconf 90' lang='lat' dir='ltr'>nos</span> <span class='ocrx_word' id='word_1_76' title='bbox 504 1844 549 1920; x_wconf 93' lang='lat' dir='ltr'>id,</span> <span class='ocrx_word' id='word_1_77' title='bbox 584 1846 677 1926; x_wconf 91' lang='lat' dir='ltr'>quod</span> <span class='ocrx_word' id='word_1_78' title='bbox 708 1855 744 1907; x_wconf 92' lang='lat' dir='ltr'>tu</span> <span class='ocrx_word' id='word_1_79' title='bbox 780 1849 813 1907; x_wconf 91' lang='lat' dir='ltr'>in</span> <span class='ocrx_word' id='word_1_80' title='bbox 844 1843 971 1925; x_wconf 86' lang='lat' dir='ltr'>prelata</span> <span class='ocrx_word' id='word_1_81' title='bbox 1005 1845 1189 1922; x_wconf 90' lang='lat' dir='ltr'>parochiali</span> <span class='ocrx_word' id='word_1_82' title='bbox 1213 1846 1355 1907; x_wconf 90' lang='lat' dir='ltr'>ecclesia</span> <span class='ocrx_word' id='word_1_83' title='bbox 1379 1843 1482 1919; x_wconf 91' lang='lat' dir='ltr'>de..,</span> <span class='ocrx_word' id='word_1_84' title='bbox 1508 1843 1629 1923; x_wconf 91' lang='lat' dir='ltr'>inqua</span> 
     </span>
     <span class='ocr_line' id='line_1_13' title="bbox 184 1949 1630 2035; baseline 0.001 -23"><span class='ocrx_word' id='word_1_85' title='bbox 184 1949 379 2014; x_wconf 88' lang='lat' dir='ltr'>iamdudum</span> <span class='ocrx_word' id='word_1_86' title='bbox 404 1971 424 2013; x_wconf 90' lang='lat' dir='ltr'>a</span> <span class='ocrx_word' id='word_1_87' title='bbox 447 1951 549 2035; x_wconf 89' lang='lat' dir='ltr'>longo</span> <span class='ocrx_word' id='word_1_88' title='bbox 572 1962 725 2034; x_wconf 90' lang='lat' dir='ltr'>tempore</span> <span class='ocrx_word' id='word_1_89' title='bbox 751 1952 951 2031; x_wconf 88' lang='lat' dir='ltr'>plebanatus</span> <span class='ocrx_word' id='word_1_90' title='bbox 975 1951 1122 2014; x_wconf 83' lang='lat' dir='ltr'>officium</span> <span class='ocrx_word' id='word_1_91' title='bbox 1138 1952 1356 2034; x_wconf 86' lang='lat' dir='ltr'>assumpsisti,</span> <span class='ocrx_word' id='word_1_92' title='bbox 1381 1950 1546 2014; x_wconf 87' lang='lat' dir='ltr'>deservire</span> <span class='ocrx_word' id='word_1_93' title='bbox 1562 1969 1630 2014; x_wconf 92' lang='lat' dir='ltr'>non</span> 
     </span>
     <span class='ocr_line' id='line_1_14' title="bbox 186 2059 1631 2140; baseline -0.001 -19"><span class='ocrx_word' id='word_1_94' title='bbox 186 2078 280 2121; x_wconf 91' lang='lat' dir='ltr'>curas</span> <span class='ocrx_word' id='word_1_95' title='bbox 303 2059 523 2140; x_wconf 88' lang='lat' dir='ltr'>personaliter</span> <span class='ocrx_word' id='word_1_96' title='bbox 546 2060 577 2120; x_wconf 90' lang='lat' dir='ltr'>in</span> <span class='ocrx_word' id='word_1_97' title='bbox 602 2061 737 2138; x_wconf 88' lang='lat' dir='ltr'>proprie</span> <span class='ocrx_word' id='word_1_98' title='bbox 760 2059 876 2122; x_wconf 89' lang='lat' dir='ltr'>salutis</span> <span class='ocrx_word' id='word_1_99' title='bbox 901 2059 1115 2138; x_wconf 86' lang='lat' dir='ltr'>dispendium</span> <span class='ocrx_word' id='word_1_100' title='bbox 1139 2067 1173 2122; x_wconf 87' lang='lat' dir='ltr'>et</span> <span class='ocrx_word' id='word_1_101' title='bbox 1196 2078 1312 2122; x_wconf 86' lang='lat' dir='ltr'>eorum</span> <span class='ocrx_word' id='word_1_102' title='bbox 1336 2061 1510 2139; x_wconf 89' lang='lat' dir='ltr'>utriusque</span> <span class='ocrx_word' id='word_1_103' title='bbox 1528 2075 1631 2119; x_wconf 88' lang='lat' dir='ltr'>sexus</span> 
     </span>
     <span class='ocr_line' id='line_1_15' title="bbox 185 2164 1630 2251; baseline -0.002 -22"><span class='ocrx_word' id='word_1_104' title='bbox 185 2165 341 2245; x_wconf 87' lang='lat' dir='ltr'>fidelium,</span> <span class='ocrx_word' id='word_1_105' title='bbox 365 2171 421 2247; x_wconf 92' lang='lat' dir='ltr'>qui</span> <span class='ocrx_word' id='word_1_106' title='bbox 444 2177 505 2231; x_wconf 91' lang='lat' dir='ltr'>tuo</span> <span class='ocrx_word' id='word_1_107' title='bbox 529 2169 677 2251; x_wconf 90' lang='lat' dir='ltr'>regimini</span> <span class='ocrx_word' id='word_1_108' title='bbox 698 2176 775 2230; x_wconf 89' lang='lat' dir='ltr'>sunt</span> <span class='ocrx_word' id='word_1_109' title='bbox 791 2169 970 2242; x_wconf 87' lang='lat' dir='ltr'>commissi,</span> <span class='ocrx_word' id='word_1_110' title='bbox 994 2167 1201 2231; x_wconf 89' lang='lat' dir='ltr'>dissimulare</span> <span class='ocrx_word' id='word_1_111' title='bbox 1218 2187 1261 2228; x_wconf 91' lang='lat' dir='ltr'>ex</span> <span class='ocrx_word' id='word_1_112' title='bbox 1278 2164 1377 2228; x_wconf 84' lang='lat' dir='ltr'>officii</span> <span class='ocrx_word' id='word_1_113' title='bbox 1394 2167 1496 2229; x_wconf 86' lang='lat' dir='ltr'>nostri</span> <span class='ocrx_word' id='word_1_114' title='bbox 1514 2164 1630 2228; x_wconf 91' lang='lat' dir='ltr'>debito</span> 
     </span>
     <span class='ocr_line' id='line_1_16' title="bbox 186 2273 1631 2356; baseline -0.002 -21"><span class='ocrx_word' id='word_1_115' title='bbox 186 2276 396 2356; x_wconf 88' lang='lat' dir='ltr'>aliquatenus</span> <span class='ocrx_word' id='word_1_116' title='bbox 430 2295 499 2338; x_wconf 91' lang='lat' dir='ltr'>non</span> <span class='ocrx_word' id='word_1_117' title='bbox 533 2275 706 2350; x_wconf 72' lang='lat' dir='ltr'>valentes,e</span> <span class='ocrx_word' id='word_1_118' title='bbox 741 2275 985 2337; x_wconf 89' lang='lat' dir='ltr'>discrecionem</span> <span class='ocrx_word' id='word_1_119' title='bbox 1020 2284 1113 2336; x_wconf 90' lang='lat' dir='ltr'>tuam</span> <span class='ocrx_word' id='word_1_120' title='bbox 1149 2293 1324 2336; x_wconf 90' lang='lat' dir='ltr'>monemus</span> <span class='ocrx_word' id='word_1_121' title='bbox 1355 2273 1567 2353; x_wconf 84' lang='lat' dir='ltr'>presentibus</span> <span class='ocrx_word' id='word_1_122' title='bbox 1598 2281 1631 2333; x_wconf 88' lang='lat' dir='ltr'>et</span> 
     </span>
     <span class='ocr_line' id='line_1_17' title="bbox 187 2378 1631 2462; baseline -0.002 -19"><span class='ocrx_word' id='word_1_123' title='bbox 187 2381 365 2460; x_wconf 88' lang='lat' dir='ltr'>hortamur,</span> <span class='ocrx_word' id='word_1_124' title='bbox 401 2383 521 2445; x_wconf 89' lang='lat' dir='ltr'>dantes</span> <span class='ocrx_word' id='word_1_125' title='bbox 550 2382 612 2446; x_wconf 90' lang='lat' dir='ltr'>tibi</span> <span class='ocrx_word' id='word_1_126' title='bbox 643 2382 780 2444; x_wconf 88' lang='lat' dir='ltr'>firmiter</span> <span class='ocrx_word' id='word_1_127' title='bbox 812 2382 843 2443; x_wconf 94' lang='lat' dir='ltr'>in</span> <span class='ocrx_word' id='word_1_128' title='bbox 875 2383 1051 2462; x_wconf 87' lang='lat' dir='ltr'>preceptis,</span> <span class='ocrx_word' id='word_1_129' title='bbox 1083 2391 1247 2462; x_wconf 86' lang='lat' dir='ltr'>quatenus</span> <span class='ocrx_word' id='word_1_130' title='bbox 1277 2378 1362 2444; x_wconf 87' lang='lat' dir='ltr'>inira</span> <span class='ocrx_word' id='word_1_131' title='bbox 1386 2383 1510 2442; x_wconf 90' lang='lat' dir='ltr'>mensis</span> <span class='ocrx_word' id='word_1_132' title='bbox 1534 2380 1631 2441; x_wconf 93' lang='lat' dir='ltr'>unius</span> 
     </span>
     <span class='ocr_line' id='line_1_18' title="bbox 186 2484 1629 2569; baseline -0.003 -19"><span class='ocrx_word' id='word_1_133' title='bbox 186 2491 337 2568; x_wconf 90' lang='lat' dir='ltr'>spacium</span> <span class='ocrx_word' id='word_1_134' title='bbox 369 2510 389 2552; x_wconf 91' lang='lat' dir='ltr'>a</span> <span class='ocrx_word' id='word_1_135' title='bbox 420 2495 619 2568; x_wconf 89' lang='lat' dir='ltr'>recepcione</span> <span class='ocrx_word' id='word_1_136' title='bbox 650 2489 859 2569; x_wconf 89' lang='lat' dir='ltr'>presencium</span> <span class='ocrx_word' id='word_1_137' title='bbox 892 2489 981 2568; x_wconf 86' lang='lat' dir='ltr'>apud</span> <span class='ocrx_word' id='word_1_138' title='bbox 1016 2487 1179 2569; x_wconf 82' lang='lat' dir='ltr'>prefatam</span> <span class='ocrx_word' id='word_1_139' title='bbox 1202 2489 1377 2550; x_wconf 90' lang='lat' dir='ltr'>ecclesiam</span> <span class='ocrx_word' id='word_1_140' title='bbox 1401 2484 1629 2550; x_wconf 91' lang='lat' dir='ltr'>Curimensem</span> 
     </span>
     <span class='ocr_line' id='line_1_19' title="bbox 187 2591 1632 2678; baseline -0.001 -22"><span class='ocrx_word' id='word_1_141' title='bbox 187 2596 334 2658; x_wconf 87' lang='lat' dir='ltr'>resideas</span> <span class='ocrx_word' id='word_1_142' title='bbox 364 2605 399 2657; x_wconf 90' lang='lat' dir='ltr'>et</span> <span class='ocrx_word' id='word_1_143' title='bbox 423 2599 456 2658; x_wconf 95' lang='lat' dir='ltr'>in</span> <span class='ocrx_word' id='word_1_144' title='bbox 480 2618 530 2675; x_wconf 88' lang='lat' dir='ltr'>ea,</span> <span class='ocrx_word' id='word_1_145' title='bbox 561 2606 661 2677; x_wconf 92' lang='lat' dir='ltr'>prout</span> <span class='ocrx_word' id='word_1_146' title='bbox 685 2598 789 2675; x_wconf 91' lang='lat' dir='ltr'>ipsius</span> <span class='ocrx_word' id='word_1_147' title='bbox 814 2613 893 2656; x_wconf 89' lang='lat' dir='ltr'>cura</span> <span class='ocrx_word' id='word_1_148' title='bbox 917 2603 950 2656; x_wconf 92' lang='lat' dir='ltr'>et</span> <span class='ocrx_word' id='word_1_149' title='bbox 973 2604 1067 2658; x_wconf 92' lang='lat' dir='ltr'>tuum</span> <span class='ocrx_word' id='word_1_150' title='bbox 1092 2595 1195 2678; x_wconf 85' lang='lat' dir='ltr'>exigit</span> <span class='ocrx_word' id='word_1_151' title='bbox 1218 2594 1376 2668; x_wconf 80' lang='lat' dir='ltr'>officium,</span> <span class='ocrx_word' id='word_1_152' title='bbox 1411 2591 1632 2672; x_wconf 89' lang='lat' dir='ltr'>personaliter</span> 
     </span>
     <span class='ocr_line' id='line_1_20' title="bbox 186 2699 1631 2784; baseline -0.002 -20"><span class='ocrx_word' id='word_1_153' title='bbox 186 2701 362 2779; x_wconf 88' lang='lat' dir='ltr'>deservias,</span> <span class='ocrx_word' id='word_1_154' title='bbox 385 2713 422 2766; x_wconf 93' lang='lat' dir='ltr'>ut</span> <span class='ocrx_word' id='word_1_155' title='bbox 445 2705 578 2781; x_wconf 90' lang='lat' dir='ltr'>teneris,</span> <span class='ocrx_word' id='word_1_156' title='bbox 601 2704 748 2784; x_wconf 91' lang='lat' dir='ltr'>alioquin</span> <span class='ocrx_word' id='word_1_157' title='bbox 771 2711 890 2764; x_wconf 91' lang='lat' dir='ltr'>contra</span> <span class='ocrx_word' id='word_1_158' title='bbox 915 2711 948 2765; x_wconf 89' lang='lat' dir='ltr'>te</span> <span class='ocrx_word' id='word_1_159' title='bbox 972 2703 1049 2766; x_wconf 89' lang='lat' dir='ltr'>licet</span> <span class='ocrx_word' id='word_1_160' title='bbox 1071 2705 1174 2780; x_wconf 90' lang='lat' dir='ltr'>inviti,</span> <span class='ocrx_word' id='word_1_161' title='bbox 1198 2711 1359 2784; x_wconf 89' lang='lat' dir='ltr'>quantum</span> <span class='ocrx_word' id='word_1_162' title='bbox 1375 2701 1419 2764; x_wconf 91' lang='lat' dir='ltr'>de</span> <span class='ocrx_word' id='word_1_163' title='bbox 1435 2705 1508 2765; x_wconf 92' lang='lat' dir='ltr'>iure</span> <span class='ocrx_word' id='word_1_164' title='bbox 1525 2699 1631 2776; x_wconf 85' lang='lat' dir='ltr'>luerit,</span> 
     </span>
     <span class='ocr_line' id='line_1_21' title="bbox 186 2809 991 2874; baseline 0 -2"><span class='ocrx_word' id='word_1_165' title='bbox 186 2809 356 2873; x_wconf 88' lang='lat' dir='ltr'>iaciemus.</span> <span class='ocrx_word' id='word_1_166' title='bbox 382 2811 507 2874; x_wconf 91' lang='lat' dir='ltr'>Datum</span> <span class='ocrx_word' id='word_1_167' title='bbox 530 2810 562 2874; x_wconf 95' lang='lat' dir='ltr'>X</span> <span class='ocrx_word' id='word_1_168' title='bbox 587 2811 759 2872; x_wconf 89' lang='lat' dir='ltr'>Kalendas</span> <span class='ocrx_word' id='word_1_169' title='bbox 782 2809 991 2874; x_wconf 89' lang='lat' dir='ltr'>Decembris.</span> 
     </span>
    </p>
   </div>
   <div class='ocr_carea' id='block_1_7' title="bbox 187 2945 1632 3200">
    <p class='ocr_par' dir='ltr' id='par_1_7' title="bbox 187 2945 1632 3200">
     <span class='ocr_line' id='line_1_22' title="bbox 291 2945 1632 3021; baseline -0.004 -19"><span class='ocrx_word' id='word_1_170' title='bbox 291 2948 353 3004; x_wconf 88' lang='lat' dir='ltr'>Fol.</span> <span class='ocrx_word' id='word_1_171' title='bbox 373 2955 408 3005; x_wconf 88' lang='lat'>12</span> <span class='ocrx_word' id='word_1_172' title='bbox 427 2950 450 3002; x_wconf 72' lang='grc' dir='ltr'>ὅ.</span> <span class='ocrx_word' id='word_1_173' title='bbox 469 2953 513 3009; x_wconf 87' lang='grc' dir='ltr'>8ο,</span> <span class='ocrx_word' id='word_1_174' title='bbox 532 2949 577 3004; x_wconf 73' lang='lat' dir='ltr'>tei</span> <span class='ocrx_word' id='word_1_175' title='bbox 595 2966 614 3002; x_wconf 88' lang='lat' dir='ltr'>v</span> <span class='ocrx_word' id='word_1_176' title='bbox 632 2950 769 3017; x_wconf 86' lang='lat' dir='ltr'>rukopise</span> <span class='ocrx_word' id='word_1_177' title='bbox 788 2949 919 3021; x_wconf 84' lang='lat' dir='ltr'>kapituly</span> <span class='ocrx_word' id='word_1_178' title='bbox 936 2949 1059 3004; x_wconf 76' lang='lat' dir='ltr'>Pralslre</span> <span class='ocrx_word' id='word_1_179' title='bbox 1072 2950 1085 3020; x_wconf 92' lang='lat' dir='ltr'>J</span> <span class='ocrx_word' id='word_1_180' title='bbox 1098 2945 1145 3002; x_wconf 70' lang='lat'>40⁵</span> <span class='ocrx_word' id='word_1_181' title='bbox 1158 2948 1204 3004; x_wconf 86' lang='lat' dir='ltr'>iol.</span> <span class='ocrx_word' id='word_1_182' title='bbox 1218 2948 1286 3002; x_wconf 87' lang='lat'>240&#39;.</span> <span class='ocrx_word' id='word_1_183' title='bbox 1306 2947 1333 3002; x_wconf 96' lang='lat' dir='ltr'>V</span> <span class='ocrx_word' id='word_1_184' title='bbox 1345 2946 1546 3018; x_wconf 74' lang='lat' dir='ltr'>nasledujlcim</span> <span class='ocrx_word' id='word_1_185' title='bbox 1558 2947 1632 2999; x_wconf 83' lang='lat' dir='ltr'>kuse</span> 
     </span>
     <span class='ocr_line' id='line_1_23' title="bbox 187 3034 1632 3110; baseline -0.002 -19"><span class='ocrx_word' id='word_1_186' title='bbox 187 3055 217 3091; x_wconf 86' lang='lat' dir='ltr'>se</span> <span class='ocrx_word' id='word_1_187' title='bbox 235 3041 406 3110; x_wconf 85' lang='lat' dir='ltr'>prolonguje</span> <span class='ocrx_word' id='word_1_188' title='bbox 425 3039 511 3093; x_wconf 75' lang='lat' dir='ltr'>sardii</span> <span class='ocrx_word' id='word_1_189' title='bbox 524 3040 749 3094; x_wconf 76' lang='lat' dir='ltr'>Koutimskamu</span> <span class='ocrx_word' id='word_1_190' title='bbox 769 3037 848 3092; x_wconf 79' lang='lat' dir='ltr'>lhirta</span> <span class='ocrx_word' id='word_1_191' title='bbox 866 3047 928 3094; x_wconf 87' lang='lat' dir='ltr'>tato</span> <span class='ocrx_word' id='word_1_192' title='bbox 947 3055 965 3093; x_wconf 94' lang='lat' dir='ltr'>o</span> <span class='ocrx_word' id='word_1_193' title='bbox 985 3043 1001 3092; x_wconf 85' lang='lat'>2</span> <span class='ocrx_word' id='word_1_194' title='bbox 1020 3039 1136 3105; x_wconf 74' lang='lat' dir='ltr'>mesine,</span> <span class='ocrx_word' id='word_1_195' title='bbox 1155 3055 1173 3091; x_wconf 92' lang='lat' dir='ltr'>v</span> <span class='ocrx_word' id='word_1_196' title='bbox 1188 3038 1237 3092; x_wconf 76' lang='lat' dir='ltr'>dis.</span> <span class='ocrx_word' id='word_1_197' title='bbox 1251 3041 1286 3092; x_wconf 84' lang='grc'>82</span> <span class='ocrx_word' id='word_1_198' title='bbox 1298 3052 1317 3091; x_wconf 95' lang='lat' dir='ltr'>o</span> <span class='ocrx_word' id='word_1_199' title='bbox 1329 3037 1404 3091; x_wconf 67' lang='lat' dir='ltr'>dalsl</span> <span class='ocrx_word' id='word_1_200' title='bbox 1417 3041 1441 3102; x_wconf 86' lang='lat'>3,</span> <span class='ocrx_word' id='word_1_201' title='bbox 1460 3043 1525 3091; x_wconf 91' lang='lat' dir='ltr'>toto</span> <span class='ocrx_word' id='word_1_202' title='bbox 1538 3034 1632 3090; x_wconf 77' lang='lat' dir='ltr'>druhe</span> 
     </span>
     <span class='ocr_line' id='line_1_24' title="bbox 188 3128 1542 3200; baseline -0.001 -21"><span class='ocrx_word' id='word_1_203' title='bbox 188 3129 376 3194; x_wconf 72' lang='lat' dir='ltr'>prodlouieni</span> <span class='ocrx_word' id='word_1_204' title='bbox 395 3129 560 3184; x_wconf 73' lang='lat' dir='ltr'>marlotum</span> <span class='ocrx_word' id='word_1_205' title='bbox 581 3134 651 3185; x_wconf 83' lang='lat'>1289</span> <span class='ocrx_word' id='word_1_206' title='bbox 670 3131 739 3184; x_wconf 93' lang='lat' dir='ltr'>dub.</span> <span class='ocrx_word' id='word_1_207' title='bbox 760 3136 782 3182; x_wconf 91' lang='lat'>1.</span> <span class='ocrx_word' id='word_1_208' title='bbox 803 3129 901 3184; x_wconf 90' lang='lat' dir='ltr'>Nutno</span> <span class='ocrx_word' id='word_1_209' title='bbox 920 3132 989 3200; x_wconf 88' lang='lat' dir='ltr'>tedy</span> <span class='ocrx_word' id='word_1_210' title='bbox 1008 3130 1116 3199; x_wconf 76' lang='lat' dir='ltr'>poloiit</span> <span class='ocrx_word' id='word_1_211' title='bbox 1134 3137 1216 3183; x_wconf 90' lang='lat' dir='ltr'>tento</span> <span class='ocrx_word' id='word_1_212' title='bbox 1236 3129 1344 3182; x_wconf 82' lang='lat' dir='ltr'>rozlraz</span> <span class='ocrx_word' id='word_1_213' title='bbox 1363 3128 1402 3182; x_wconf 95' lang='lat' dir='ltr'>do</span> <span class='ocrx_word' id='word_1_214' title='bbox 1422 3143 1443 3179; x_wconf 89' lang='lat' dir='ltr'>r.</span> <span class='ocrx_word' id='word_1_215' title='bbox 1463 3129 1542 3182; x_wconf 82' lang='lat'>1288.</span> 
     </span>
    </p>
   </div>
   <div class='ocr_carea' id='block_1_8' title="bbox 887 3385 938 3446">
    <p class='ocr_par' dir='ltr' id='par_1_8' title="bbox 887 3385 938 3446">
     <span class='ocr_line' id='line_1_25' title="bbox 887 3385 938 3446; baseline 0.02 -1"><span class='ocrx_word' id='word_1_216' title='bbox 887 3385 938 3446; x_wconf 90' lang='lat'>81.</span> 
     </span>
    </p>
   </div>
   <div class='ocr_carea' id='block_1_9' title="bbox 188 3521 1632 3716">
    <p class='ocr_par' dir='ltr' id='par_1_9' title="bbox 188 3521 1632 3716">
     <span class='ocr_line' id='line_1_26' title="bbox 188 3521 1632 3609; baseline -0.001 -26"><span class='ocrx_word' id='word_1_217' title='bbox 188 3521 311 3604; x_wconf 79' lang='lat' dir='ltr'>Biskup</span> <span class='ocrx_word' id='word_1_218' title='bbox 348 3523 379 3588; x_wconf 88' lang='grc' dir='ltr'><em>Τ</em></span> <span class='ocrx_word' id='word_1_219' title='bbox 374 3523 464 3587; x_wconf 73' lang='lat' dir='ltr'>obia&#39;i</span> <span class='ocrx_word' id='word_1_220' title='bbox 489 3527 683 3609; x_wconf 76' lang='lat' dir='ltr'>prodlurluje</span> <span class='ocrx_word' id='word_1_221' title='bbox 703 3526 825 3609; x_wconf 65' lang='lat' dir='ltr'>sardii</span> <span class='ocrx_word' id='word_1_222' title='bbox 846 3525 1092 3589; x_wconf 68' lang='lat' dir='ltr'>Kourimske‘mu</span> <span class='ocrx_word' id='word_1_223' title='bbox 1115 3525 1208 3587; x_wconf 77' lang='lat' dir='ltr'>llrritu</span> <span class='ocrx_word' id='word_1_224' title='bbox 1237 3522 1511 3605; x_wconf 60' lang='lat' dir='ltr'>kpfestllzovdm&#39;</span> <span class='ocrx_word' id='word_1_225' title='bbox 1530 3541 1565 3582; x_wconf 81' lang='lat' dir='ltr'>se</span> <span class='ocrx_word' id='word_1_226' title='bbox 1589 3541 1632 3582; x_wconf 87' lang='lat' dir='ltr'>na</span> 
     </span>
     <span class='ocr_line' id='line_1_27' title="bbox 746 3627 1244 3716; baseline -0.004 -20"><span class='ocrx_word' id='word_1_227' title='bbox 746 3635 834 3716; x_wconf 77' lang='lat' dir='ltr'>farn</span> <span class='ocrx_word' id='word_1_228' title='bbox 857 3654 875 3696; x_wconf 90' lang='lat'><strong><em>0</em></strong></span> <span class='ocrx_word' id='word_1_229' title='bbox 898 3633 925 3694; x_wconf 78' lang='lat'>2</span> <span class='ocrx_word' id='word_1_230' title='bbox 944 3635 1066 3696; x_wconf 70' lang='lat' dir='ltr'>mlsice.</span> <span class='ocrx_word' id='word_1_231' title='bbox 1232 3627 1244 3650; x_wconf 79' lang='lat'><em>⁴</em></span> 
     </span>
    </p>
   </div>
   <div class='ocr_carea' id='block_1_10' title="bbox 983 3770 1523 3858">
    <p class='ocr_par' dir='ltr' id='par_1_10' title="bbox 983 3770 1523 3858">
     <span class='ocr_line' id='line_1_28' title="bbox 983 3770 1523 3858; baseline -0.015 -19"><span class='ocrx_word' id='word_1_232' title='bbox 983 3773 1088 3858; x_wconf 76' lang='lat'><em>(1288</em></span> <span class='ocrx_word' id='word_1_233' title='bbox 1108 3773 1390 3852; x_wconf 74' lang='lat' dir='ltr'>prosince—1289</span> <span class='ocrx_word' id='word_1_234' title='bbox 1411 3770 1523 3848; x_wconf 82' lang='lat' dir='ltr'>leden).</span> 
     </span>
    </p>
   </div>
   <div class='ocr_carea' id='block_1_11' title="bbox 477 3915 1318 4000">
    <p class='ocr_par' dir='ltr' id='par_1_11' title="bbox 477 3915 1318 4000">
     <span class='ocr_line' id='line_1_29' title="bbox 477 3915 1318 4000; baseline -0.004 -19"><span class='ocrx_word' id='word_1_235' title='bbox 477 3915 637 3983; x_wconf 89' lang='lat' dir='ltr'>Similiter</span> <span class='ocrx_word' id='word_1_236' title='bbox 661 3921 769 3983; x_wconf 91' lang='lat' dir='ltr'>eidem</span> <span class='ocrx_word' id='word_1_237' title='bbox 796 3921 941 4000; x_wconf 90' lang='lat' dir='ltr'>plebano</span> <span class='ocrx_word' id='word_1_238' title='bbox 967 3922 1147 3999; x_wconf 91' lang='lat' dir='ltr'>episcopus</span> <span class='ocrx_word' id='word_1_239' title='bbox 1171 3917 1318 3979; x_wconf 91' lang='lat' dir='ltr'>mandat.</span> 
     </span>
    </p>
   </div>
   <div class='ocr_carea' id='block_1_12' title="bbox 186 4057 1635 4790">
    <p class='ocr_par' dir='ltr' id='par_1_12' title="bbox 186 4057 1635 4790">
     <span class='ocr_line' id='line_1_30' title="bbox 291 4057 1635 4147; baseline -0.004 -24"><span class='ocrx_word' id='word_1_240' title='bbox 291 4057 484 4144; x_wconf 75' lang='lat' dir='ltr'>Th(obias)s</span> <span class='ocrx_word' id='word_1_241' title='bbox 505 4063 561 4126; x_wconf 90' lang='lat' dir='ltr'>dei</span> <span class='ocrx_word' id='word_1_242' title='bbox 584 4066 696 4147; x_wconf 86' lang='lat' dir='ltr'>gracia</span> <span class='ocrx_word' id='word_1_243' title='bbox 721 4073 783 4128; x_wconf 91' lang='lat' dir='ltr'>etc.</span> <span class='ocrx_word' id='word_1_244' title='bbox 819 4062 942 4125; x_wconf 92' lang='lat' dir='ltr'>dilecto</span> <span class='ocrx_word' id='word_1_245' title='bbox 967 4063 1000 4124; x_wconf 94' lang='lat' dir='ltr'>in</span> <span class='ocrx_word' id='word_1_246' title='bbox 1017 4059 1151 4125; x_wconf 86' lang='lat' dir='ltr'>Christo</span> <span class='ocrx_word' id='word_1_247' title='bbox 1168 4059 1235 4122; x_wconf 86' lang='lat' dir='ltr'>lilio</span> <span class='ocrx_word' id='word_1_248' title='bbox 1252 4058 1298 4139; x_wconf 89' lang='lat' dir='ltr'>Ja.</span> <span class='ocrx_word' id='word_1_249' title='bbox 1317 4063 1397 4120; x_wconf 72' lang='lat' dir='ltr'>etc‘</span> <span class='ocrx_word' id='word_1_250' title='bbox 1419 4057 1635 4120; x_wconf 92' lang='lat' dir='ltr'>Meminimus</span> 
     </span>
     <span class='ocr_line' id='line_1_31' title="bbox 186 4157 1632 4250; baseline -0.001 -23"><span class='ocrx_word' id='word_1_251' title='bbox 186 4165 382 4230; x_wconf 91' lang='lat' dir='ltr'>discrecioni</span> <span class='ocrx_word' id='word_1_252' title='bbox 413 4178 471 4231; x_wconf 90' lang='lat' dir='ltr'>tue</span> <span class='ocrx_word' id='word_1_253' title='bbox 501 4174 600 4234; x_wconf 91' lang='lat' dir='ltr'>unius</span> <span class='ocrx_word' id='word_1_254' title='bbox 631 4173 756 4233; x_wconf 89' lang='lat' dir='ltr'>mensis</span> <span class='ocrx_word' id='word_1_255' title='bbox 786 4173 938 4248; x_wconf 90' lang='lat' dir='ltr'>spacium</span> <span class='ocrx_word' id='word_1_256' title='bbox 970 4189 1029 4250; x_wconf 89' lang='lat' dir='ltr'>per</span> <span class='ocrx_word' id='word_1_257' title='bbox 1060 4178 1093 4231; x_wconf 91' lang='lat' dir='ltr'>te</span> <span class='ocrx_word' id='word_1_258' title='bbox 1127 4171 1159 4230; x_wconf 95' lang='lat' dir='ltr'>in</span> <span class='ocrx_word' id='word_1_259' title='bbox 1192 4166 1330 4229; x_wconf 87' lang='lat' dir='ltr'>ecclesia</span> <span class='ocrx_word' id='word_1_260' title='bbox 1366 4157 1565 4227; x_wconf 76' lang='lat' dir='ltr'>Curimensih</span> <span class='ocrx_word' id='word_1_261' title='bbox 1589 4163 1632 4225; x_wconf 92' lang='lat' dir='ltr'>ad</span> 
     </span>
     <span class='ocr_line' id='line_1_32' title="bbox 188 4271 1633 4358; baseline -0.002 -24"><span class='ocrx_word' id='word_1_262' title='bbox 188 4275 397 4350; x_wconf 90' lang='lat' dir='ltr'>personalem</span> <span class='ocrx_word' id='word_1_263' title='bbox 422 4277 642 4340; x_wconf 89' lang='lat' dir='ltr'>residenciam</span> <span class='ocrx_word' id='word_1_264' title='bbox 659 4276 847 4340; x_wconf 80' lang='lat' dir='ltr'>faciendam</span> <span class='ocrx_word' id='word_1_265' title='bbox 865 4271 1102 4358; x_wconf 84' lang='lat' dir='ltr'>(assignasse),i</span> <span class='ocrx_word' id='word_1_266' title='bbox 1131 4287 1164 4337; x_wconf 92' lang='lat' dir='ltr'>et</span> <span class='ocrx_word' id='word_1_267' title='bbox 1188 4276 1265 4356; x_wconf 89' lang='lat' dir='ltr'>quia</span> <span class='ocrx_word' id='word_1_268' title='bbox 1283 4273 1347 4334; x_wconf 92' lang='lat' dir='ltr'>hoc</span> <span class='ocrx_word' id='word_1_269' title='bbox 1365 4271 1550 4352; x_wconf 91' lang='lat' dir='ltr'>adimplere</span> <span class='ocrx_word' id='word_1_270' title='bbox 1566 4289 1633 4332; x_wconf 91' lang='lat' dir='ltr'>non</span> 
     </span>
     <span class='ocr_line' id='line_1_33' title="bbox 186 4377 1632 4467; baseline -0.001 -26"><span class='ocrx_word' id='word_1_271' title='bbox 186 4379 325 4456; x_wconf 88' lang='lat' dir='ltr'>valuisti,</span> <span class='ocrx_word' id='word_1_272' title='bbox 359 4385 421 4446; x_wconf 88' lang='lat' dir='ltr'>tibi</span> <span class='ocrx_word' id='word_1_273' title='bbox 454 4386 518 4447; x_wconf 90' lang='lat' dir='ltr'>hac</span> <span class='ocrx_word' id='word_1_274' title='bbox 547 4387 628 4466; x_wconf 89' lang='lat' dir='ltr'>vice,</span> <span class='ocrx_word' id='word_1_275' title='bbox 664 4394 777 4448; x_wconf 90' lang='lat' dir='ltr'>tecum</span> <span class='ocrx_word' id='word_1_276' title='bbox 810 4387 922 4448; x_wconf 91' lang='lat' dir='ltr'>mitius</span> <span class='ocrx_word' id='word_1_277' title='bbox 955 4403 1053 4467; x_wconf 91' lang='lat' dir='ltr'>agere</span> <span class='ocrx_word' id='word_1_278' title='bbox 1078 4386 1259 4463; x_wconf 90' lang='lat' dir='ltr'>cupientes,</span> <span class='ocrx_word' id='word_1_279' title='bbox 1295 4381 1415 4442; x_wconf 90' lang='lat' dir='ltr'>damus</span> <span class='ocrx_word' id='word_1_280' title='bbox 1438 4377 1576 4441; x_wconf 87' lang='lat' dir='ltr'>firmiter</span> <span class='ocrx_word' id='word_1_281' title='bbox 1600 4379 1632 4440; x_wconf 92' lang='lat' dir='ltr'>in</span> 
     </span>
     <span class='ocr_line' id='line_1_34' title="bbox 187 4482 1633 4573; baseline -0.003 -23"><span class='ocrx_word' id='word_1_282' title='bbox 187 4491 360 4571; x_wconf 90' lang='lat' dir='ltr'>preceptis,</span> <span class='ocrx_word' id='word_1_283' title='bbox 395 4501 434 4555; x_wconf 89' lang='lat' dir='ltr'>ut</span> <span class='ocrx_word' id='word_1_284' title='bbox 464 4493 508 4568; x_wconf 91' lang='lat' dir='ltr'>id,</span> <span class='ocrx_word' id='word_1_285' title='bbox 543 4494 636 4573; x_wconf 93' lang='lat' dir='ltr'>quod</span> <span class='ocrx_word' id='word_1_286' title='bbox 659 4491 743 4556; x_wconf 87' lang='lat' dir='ltr'>inira</span> <span class='ocrx_word' id='word_1_287' title='bbox 768 4513 869 4558; x_wconf 89' lang='lat' dir='ltr'>unum</span> <span class='ocrx_word' id='word_1_288' title='bbox 895 4510 1044 4552; x_wconf 89' lang='lat' dir='ltr'>mensem</span> <span class='ocrx_word' id='word_1_289' title='bbox 1069 4488 1252 4568; x_wconf 91' lang='lat' dir='ltr'>adimplere</span> <span class='ocrx_word' id='word_1_290' title='bbox 1277 4506 1344 4548; x_wconf 93' lang='lat' dir='ltr'>non</span> <span class='ocrx_word' id='word_1_291' title='bbox 1368 4495 1514 4566; x_wconf 90' lang='lat' dir='ltr'>poteras,</span> <span class='ocrx_word' id='word_1_292' title='bbox 1550 4482 1633 4548; x_wconf 86' lang='lat' dir='ltr'>inira</span> 
     </span>
     <span class='ocr_line' id='line_1_35' title="bbox 186 4594 1632 4681; baseline -0.002 -23"><span class='ocrx_word' id='word_1_293' title='bbox 186 4596 272 4660; x_wconf 90' lang='lat' dir='ltr'>duos</span> <span class='ocrx_word' id='word_1_294' title='bbox 287 4597 372 4661; x_wconf 92' lang='lat' dir='ltr'>alios</span> <span class='ocrx_word' id='word_1_295' title='bbox 388 4618 522 4664; x_wconf 87' lang='lat' dir='ltr'>menses</span> <span class='ocrx_word' id='word_1_296' title='bbox 538 4600 681 4664; x_wconf 88' lang='lat' dir='ltr'>fideliter</span> <span class='ocrx_word' id='word_1_297' title='bbox 698 4603 885 4681; x_wconf 87' lang='lat' dir='ltr'>exequaris,</span> <span class='ocrx_word' id='word_1_298' title='bbox 901 4598 1049 4660; x_wconf 88' lang='lat' dir='ltr'>facturus</span> <span class='ocrx_word' id='word_1_299' title='bbox 1066 4601 1098 4661; x_wconf 92' lang='lat' dir='ltr'>in</span> <span class='ocrx_word' id='word_1_300' title='bbox 1113 4595 1241 4676; x_wconf 86' lang='lat' dir='ltr'>prelata</span> <span class='ocrx_word' id='word_1_301' title='bbox 1254 4595 1396 4657; x_wconf 90' lang='lat' dir='ltr'>ecclesia</span> <span class='ocrx_word' id='word_1_302' title='bbox 1411 4594 1632 4656; x_wconf 90' lang='lat' dir='ltr'>residenciam</span> 
     </span>
     <span class='ocr_line' id='line_1_36' title="bbox 186 4703 1324 4790; baseline -0.004 -23"><span class='ocrx_word' id='word_1_303' title='bbox 186 4706 404 4783; x_wconf 88' lang='lat' dir='ltr'>personalem,</span> <span class='ocrx_word' id='word_1_304' title='bbox 429 4705 578 4786; x_wconf 89' lang='lat' dir='ltr'>alioquin</span> <span class='ocrx_word' id='word_1_305' title='bbox 603 4715 737 4783; x_wconf 87' lang='lat' dir='ltr'>extunc,</span> <span class='ocrx_word' id='word_1_306' title='bbox 761 4709 854 4790; x_wconf 93' lang='lat' dir='ltr'>quod</span> <span class='ocrx_word' id='word_1_307' title='bbox 879 4711 1001 4771; x_wconf 90' lang='lat' dir='ltr'>iustum</span> <span class='ocrx_word' id='word_1_308' title='bbox 1026 4705 1130 4782; x_wconf 89' lang='lat' dir='ltr'>luerit,</span> <span class='ocrx_word' id='word_1_309' title='bbox 1154 4703 1324 4765; x_wconf 88' lang='lat' dir='ltr'>iaciemus.</span> 
     </span>
    </p>
   </div>
   <div class='ocr_carea' id='block_1_13' title="bbox 187 4839 1634 5005">
    <p class='ocr_par' dir='ltr' id='par_1_13' title="bbox 187 4839 1634 5005">
     <span class='ocr_line' id='line_1_37' title="bbox 291 4839 1633 4915; baseline -0.007 -16"><span class='ocrx_word' id='word_1_310' title='bbox 291 4845 353 4899; x_wconf 92' lang='lat' dir='ltr'>Fol.</span> <span class='ocrx_word' id='word_1_311' title='bbox 374 4846 416 4898; x_wconf 83' lang='lat'>12&#39;</span> <span class='ocrx_word' id='word_1_312' title='bbox 436 4845 460 4900; x_wconf 76' lang='grc' dir='ltr'>ὄ.</span> <span class='ocrx_word' id='word_1_313' title='bbox 479 4849 522 4910; x_wconf 87' lang='lat'>81,</span> <span class='ocrx_word' id='word_1_314' title='bbox 541 4845 587 4900; x_wconf 75' lang='lat' dir='ltr'>tei</span> <span class='ocrx_word' id='word_1_315' title='bbox 606 4863 625 4898; x_wconf 77' lang='lat' dir='ltr'>v</span> <span class='ocrx_word' id='word_1_316' title='bbox 644 4847 782 4914; x_wconf 89' lang='lat' dir='ltr'>rukopise</span> <span class='ocrx_word' id='word_1_317' title='bbox 802 4846 933 4915; x_wconf 84' lang='lat' dir='ltr'>kapituly</span> <span class='ocrx_word' id='word_1_318' title='bbox 953 4843 1076 4898; x_wconf 77' lang='lat' dir='ltr'>Praiske</span> <span class='ocrx_word' id='word_1_319' title='bbox 1094 4843 1109 4912; x_wconf 92' lang='lat' dir='ltr'>J</span> <span class='ocrx_word' id='word_1_320' title='bbox 1129 4840 1175 4896; x_wconf 81' lang='lat'>40¹²</span> <span class='ocrx_word' id='word_1_321' title='bbox 1189 4843 1237 4896; x_wconf 83' lang='lat' dir='ltr'>sol.</span> <span class='ocrx_word' id='word_1_322' title='bbox 1251 4843 1321 4894; x_wconf 82' lang='lat'><strong><em>2⁴0¹.</em></strong></span> <span class='ocrx_word' id='word_1_323' title='bbox 1341 4839 1533 4894; x_wconf 74' lang='lat' dir='ltr'>Srovnameli</span> <span class='ocrx_word' id='word_1_324' title='bbox 1553 4846 1633 4892; x_wconf 90' lang='lat' dir='ltr'>tento</span> 
     </span>
     <span class='ocr_line' id='line_1_38' title="bbox 187 4932 1634 5005; baseline -0.003 -19"><span class='ocrx_word' id='word_1_325' title='bbox 187 4933 233 4987; x_wconf 89' lang='lat' dir='ltr'>list</span> <span class='ocrx_word' id='word_1_326' title='bbox 259 4934 538 5002; x_wconf 79' lang='lat' dir='ltr'>spicdcbazejicim</span> <span class='ocrx_word' id='word_1_327' title='bbox 558 4953 575 4989; x_wconf 89' lang='lat' dir='ltr'>a</span> <span class='ocrx_word' id='word_1_328' title='bbox 594 4935 802 5005; x_wconf 80' lang='lat' dir='ltr'>nasledujlclm,</span> <span class='ocrx_word' id='word_1_329' title='bbox 832 4935 947 4999; x_wconf 88' lang='lat' dir='ltr'>vidlme,</span> <span class='ocrx_word' id='word_1_330' title='bbox 977 4934 1010 4987; x_wconf 81' lang='lat' dir='ltr'>ie</span> <span class='ocrx_word' id='word_1_331' title='bbox 1034 4934 1156 5002; x_wconf 77' lang='lat' dir='ltr'>pocbazi</span> <span class='ocrx_word' id='word_1_332' title='bbox 1185 4933 1351 4985; x_wconf 87' lang='lat' dir='ltr'>arozhrani</span> <span class='ocrx_word' id='word_1_333' title='bbox 1377 4947 1398 4983; x_wconf 91' lang='lat' dir='ltr'>r.</span> <span class='ocrx_word' id='word_1_334' title='bbox 1431 4933 1500 4982; x_wconf 89' lang='lat'>1288</span> <span class='ocrx_word' id='word_1_335' title='bbox 1520 4945 1536 4982; x_wconf 88' lang='lat' dir='ltr'>a</span> <span class='ocrx_word' id='word_1_336' title='bbox 1556 4932 1634 4982; x_wconf 87' lang='lat'>1289.</span> 
     </span>
    </p>
   </div>
   <div class='ocr_carea' id='block_1_14' title="bbox 186 5071 1633 5326">
    <p class='ocr_par' dir='ltr' id='par_1_14' title="bbox 186 5071 1633 5326">
     <span class='ocr_line' id='line_1_39' title="bbox 290 5071 1633 5148; baseline -0.007 -15"><span class='ocrx_word' id='word_1_337' title='bbox 290 5077 318 5148; x_wconf 90' lang='lat' dir='ltr'>a)</span> <span class='ocrx_word' id='word_1_338' title='bbox 337 5079 388 5148; x_wconf 86' lang='lat' dir='ltr'>,Jo.</span> <span class='ocrx_word' id='word_1_339' title='bbox 408 5079 436 5132; x_wconf 91' lang='lat' dir='ltr'>d.</span> <span class='ocrx_word' id='word_1_340' title='bbox 456 5095 482 5148; x_wconf 89' lang='lat' dir='ltr'>g.</span> <span class='ocrx_word' id='word_1_341' title='bbox 501 5079 580 5148; x_wconf 85' lang='lat' dir='ltr'>Prag.</span> <span class='ocrx_word' id='word_1_342' title='bbox 601 5080 655 5146; x_wconf 83' lang='lat' dir='ltr'>ep‘</span> <span class='ocrx_word' id='word_1_343' title='bbox 676 5078 745 5146; x_wconf 86' lang='lat' dir='ltr'>Kap.</span> <span class='ocrx_word' id='word_1_344' title='bbox 760 5077 781 5146; x_wconf 91' lang='lat' dir='ltr'>J.</span> <span class='ocrx_word' id='word_1_345' title='bbox 802 5107 835 5116; x_wconf 94' lang='lat'>-</span> <span class='ocrx_word' id='word_1_346' title='bbox 856 5076 886 5145; x_wconf 90' lang='lat' dir='ltr'>b)</span> <span class='ocrx_word' id='word_1_347' title='bbox 904 5077 951 5139; x_wconf 87' lang='lat' dir='ltr'>,H‘</span> <span class='ocrx_word' id='word_1_348' title='bbox 969 5077 1041 5144; x_wconf 90' lang='lat' dir='ltr'>Kap.</span> <span class='ocrx_word' id='word_1_349' title='bbox 1052 5074 1075 5144; x_wconf 90' lang='lat' dir='ltr'>J.</span> <span class='ocrx_word' id='word_1_350' title='bbox 1095 5105 1128 5114; x_wconf 99' lang='lat'><em>-</em></span> <span class='ocrx_word' id='word_1_351' title='bbox 1148 5074 1176 5144; x_wconf 84' lang='lat' dir='ltr'>c)</span> <span class='ocrx_word' id='word_1_352' title='bbox 1197 5073 1349 5141; x_wconf 87' lang='lat' dir='ltr'>,..‘Kap.</span> <span class='ocrx_word' id='word_1_353' title='bbox 1363 5073 1384 5142; x_wconf 91' lang='lat' dir='ltr'>J.</span> <span class='ocrx_word' id='word_1_354' title='bbox 1399 5101 1433 5112; x_wconf 90' lang='lat'><em>-</em></span> <span class='ocrx_word' id='word_1_355' title='bbox 1445 5071 1475 5140; x_wconf 85' lang='lat' dir='ltr'>d)</span> <span class='ocrx_word' id='word_1_356' title='bbox 1487 5071 1633 5134; x_wconf 86' lang='lat' dir='ltr'>,residere‘</span> 
     </span>
     <span class='ocr_line' id='line_1_40' title="bbox 186 5159 1631 5236; baseline -0.004 -16"><span class='ocrx_word' id='word_1_357' title='bbox 186 5169 225 5222; x_wconf 93' lang='lat' dir='ltr'>ln.</span> <span class='ocrx_word' id='word_1_358' title='bbox 244 5197 278 5207; x_wconf 91' lang='lat'><em>-</em></span> <span class='ocrx_word' id='word_1_359' title='bbox 298 5170 326 5236; x_wconf 89' lang='lat' dir='ltr'>e)</span> <span class='ocrx_word' id='word_1_360' title='bbox 346 5168 493 5229; x_wconf 83' lang='lat' dir='ltr'>,valemus‘</span> <span class='ocrx_word' id='word_1_361' title='bbox 513 5168 561 5230; x_wconf 84' lang='lat' dir='ltr'>ln,</span> <span class='ocrx_word' id='word_1_362' title='bbox 580 5169 726 5232; x_wconf 76' lang='lat' dir='ltr'>,valentes¹</span> <span class='ocrx_word' id='word_1_363' title='bbox 747 5167 819 5234; x_wconf 85' lang='lat' dir='ltr'>Kap.</span> <span class='ocrx_word' id='word_1_364' title='bbox 833 5167 855 5236; x_wconf 90' lang='lat' dir='ltr'>J.</span> <span class='ocrx_word' id='word_1_365' title='bbox 882 5195 915 5205; x_wconf 94' lang='lat'>-</span> <span class='ocrx_word' id='word_1_366' title='bbox 941 5165 1034 5235; x_wconf 81' lang='lat' dir='ltr'>l),Jo¹</span> <span class='ocrx_word' id='word_1_367' title='bbox 1056 5165 1127 5234; x_wconf 89' lang='lat' dir='ltr'>Kap.</span> <span class='ocrx_word' id='word_1_368' title='bbox 1141 5163 1163 5233; x_wconf 94' lang='lat' dir='ltr'>J.</span> <span class='ocrx_word' id='word_1_369' title='bbox 1190 5193 1222 5202; x_wconf 89' lang='lat'>-</span> <span class='ocrx_word' id='word_1_370' title='bbox 1249 5163 1277 5234; x_wconf 89' lang='lat' dir='ltr'>g)</span> <span class='ocrx_word' id='word_1_371' title='bbox 1297 5171 1338 5228; x_wconf 90' lang='lat' dir='ltr'>,ut</span> <span class='ocrx_word' id='word_1_372' title='bbox 1356 5169 1453 5232; x_wconf 79' lang='lat' dir='ltr'>supra·</span> <span class='ocrx_word' id='word_1_373' title='bbox 1473 5161 1546 5229; x_wconf 86' lang='lat' dir='ltr'>Kap.</span> <span class='ocrx_word' id='word_1_374' title='bbox 1556 5159 1579 5228; x_wconf 90' lang='lat' dir='ltr'>J.</span> <span class='ocrx_word' id='word_1_375' title='bbox 1601 5189 1631 5199; x_wconf 94' lang='lat'>-</span> 
     </span>
     <span class='ocr_line' id='line_1_41' title="bbox 186 5255 892 5326; baseline -0.003 -15"><span class='ocrx_word' id='word_1_376' title='bbox 186 5257 215 5326; x_wconf 92' lang='lat' dir='ltr'>b)</span> <span class='ocrx_word' id='word_1_377' title='bbox 235 5263 302 5321; x_wconf 87' lang='lat' dir='ltr'>,tua¹</span> <span class='ocrx_word' id='word_1_378' title='bbox 322 5256 430 5326; x_wconf 76' lang='lat' dir='ltr'>Kapl.</span> <span class='ocrx_word' id='word_1_379' title='bbox 450 5285 482 5296; x_wconf 89' lang='lat'>-</span> <span class='ocrx_word' id='word_1_380' title='bbox 503 5257 523 5324; x_wconf 85' lang='lat' dir='ltr'>i)</span> <span class='ocrx_word' id='word_1_381' title='bbox 544 5256 700 5324; x_wconf 67' lang='lat' dir='ltr'>Doplneno</span> <span class='ocrx_word' id='word_1_382' title='bbox 719 5256 767 5310; x_wconf 90' lang='lat' dir='ltr'>dle</span> <span class='ocrx_word' id='word_1_383' title='bbox 787 5255 892 5326; x_wconf 77' lang='lat' dir='ltr'>Kap.J‚</span> 
     </span>
    </p>
   </div>
   <div class='ocr_carea' id='block_1_15' title="bbox 0 0 1991 5844">
    <p class='ocr_par' dir='ltr' id='par_1_15' title="bbox 0 0 1991 5844">
     <span class='ocr_line' id='line_1_42' title="bbox 0 0 1991 5844; baseline 0 0"><span class='ocrx_word' id='word_1_384' title='bbox 0 0 1991 5844; x_wconf 95' lang='lat' dir='ltr'> </span> 
     </span>
    </p>
   </div>
  </div>
 </body>
</html>
