3968 5848
1026 415 1077 464 152

1017 628 1086 690 192.

328 769 452 850 Biskup
468 765 619 854 (fobert)
635 769 819 850 blahopr'eje
835 769 928 832 kra‘li
942 767 1153 853 (Vdclavovrl
1171 770 1193 832 k
1208 771 1380 853 zisplchrlm
1396 791 1416 832 v
1433 768 1565 841 Polsku,
1582 769 1697 851 dlkuje
1722 789 1775 829 mu

327 899 368 939 ea
389 879 584 960 jmenovdnl
613 876 726 938 bratra
760 877 855 939 sve'lro
879 877 994 956 Miloty
1021 877 1216 958 purkrabz‘m
1248 899 1270 940 v
1298 876 1462 940 Olomouci
1484 898 1505 939 a
1528 878 1648 959 silius?
1678 877 1716 948 si,
1740 881 1778 938 ie

328 983 435 1065 druhy‘
470 983 561 1045 vratr
585 983 664 1064 sevo
703 967 805 1048 cenae
836 1004 856 1044 2
888 983 1066 1047 Kamenrce
1100 985 1154 1066 byl
1185 987 1277 1068 zajas
1311 984 1443 1058 vatem,
1478 984 1618 1046 tratrem
1655 983 1777 1046 levite

673 1112 692 1152 a
716 1089 956 1173 Falkenitejna,
981 1112 1002 1151 a
1026 1092 1166 1154 odveden
1191 1093 1231 1154 do
1254 1092 1438 1174 Buddjovic.

1286 1249 1393 1337 (1289
1407 1265 1450 1334 po
1476 1254 1521 1316 15
1541 1255 1666 1335 srpnu).

373 1393 560 1474 Episcopus
585 1396 834 1476 congaudendo
860 1398 903 1459 de
927 1402 1069 1460 sanitate
1102 1401 1188 1481 regis
1212 1407 1245 1460 et
1269 1397 1490 1477 prosperitate
1515 1399 1733 1476 conqueritur

767 1505 831 1567 sibi
855 1505 898 1566 de
923 1506 1117 1586 captivitate
1141 1504 1250 1567 fratris
1274 1509 1335 1568 sui.

435 1643 489 1704 Ex
513 1645 635 1706 intimis
659 1647 911 1723 precordiorum
936 1659 1126 1710 nostrorum
1152 1648 1331 1710 affectibus
1356 1667 1439 1727 pura
1464 1645 1530 1708 fide
1554 1645 1776 1707 iocundamur

329 1769 429 1830 quam
463 1750 638 1831 plurimum
664 1761 697 1814 et
721 1753 909 1834 gaudemus
942 1775 987 1816 ex
1018 1776 1069 1832 eo,
1101 1755 1193 1837 quod
1225 1756 1334 1818 divine
1370 1755 1634 1834 dispensacionis
1665 1754 1777 1835 gracia

328 1877 395 1919 non
421 1860 529 1920 solum
561 1863 745 1922 maiestatis
777 1870 886 1922 vestre
918 1862 1173 1941 precellenciam
1197 1863 1355 1944 dignatur
1378 1881 1494 1924 sanam
1519 1872 1552 1922 et
1575 1860 1775 1922 incolumem

328 1983 534 2042 conservare,
557 1986 671 2028 verum
696 1969 795 2030 etiam
825 1987 1002 2031 successus
1025 1979 1155 2031 vestros
1178 1989 1238 2048 per
1262 1972 1347 2031 viam
1372 1987 1569 2048 prosperam
1593 1967 1775 2047 dirigendo,

327 2083 396 2132 tam
421 2071 525 2134 duces
542 2073 679 2136 Polonie
703 2093 803 2154 quam
829 2076 913 2137 alios
938 2077 1114 2153 principes,
1139 2095 1214 2138 cum
1240 2076 1360 2157 quibus
1384 2075 1588 2156 colloquium
1612 2075 1776 2136 habuistis

328 2179 360 2240 in
385 2177 562 2258 Oppavia⁸
585 2182 618 2242 in
650 2181 735 2243 festo
768 2184 1012 2262 assumpcionis
1044 2185 1176 2266 virginis
1207 2184 1360 2265 gloriose,
1384 2184 1427 2245 ad
1458 2193 1568 2246 vestra
1599 2178 1776 2243 efficaciter

328 2282 507 2367 dignaturb
528 2289 686 2350 inclinare
703 2289 914 2369 beneplacita
931 2300 964 2352 et
981 2292 1147 2368 mandata,
1164 2290 1407 2353 dominacionis
1424 2298 1532 2351 vestre
1548 2288 1777 2368 precellencie,

328 2397 406 2473 quia
430 2414 492 2457 nos
516 2396 633 2458 vestris
657 2398 789 2458 visitare
821 2398 1003 2478 dignamini
1033 2397 1144 2474 literis,
1169 2419 1217 2473 ea,
1242 2418 1307 2479 que
1339 2398 1478 2460 honoris
1510 2401 1609 2460 vestri
1645 2397 1777 2477 pariunt

328 2503 543 2580 incrementa,
568 2501 611 2564 ad
637 2503 826 2585 augendam
859 2507 1057 2585 gaudiorum
1090 2515 1281 2566 nostrorum
1306 2509 1480 2568 materiam
1505 2515 1678 2584 tamquam
1701 2506 1775 2580 pius

328 2621 450 2686 noster,
475 2609 635 2673 naturalis
660 2623 694 2673 et
718 2612 890 2674 benivolus
922 2614 1081 2675 dominus
1113 2612 1307 2688 intimand0,
1339 2617 1525 2693 graciarum
1558 2629 1775 2693 quascunque

328 2734 507 2796 possumus
539 2718 742 2780 relerentesc
773 2720 883 2782 illares
914 2729 948 2781 et
979 2721 1101 2782 uberes
1134 2723 1300 2782 acciones.
1351 2713 1610 2799 Regraciamurd
1640 2721 1777 2796 insuper

328 2823 449 2902 regalis
489 2823 695 2886 celsitudinis
734 2837 842 2888 vestre
883 2827 1063 2889 clemencie
1108 2827 1275 2889 humiliter
1314 2839 1347 2889 et
1385 2828 1515 2902 devote,
1555 2826 1645 2907 quod
1686 2827 1775 2905 regie

328 2929 511 2990 maiestatis
543 2931 709 3007 aflectum,
742 2953 842 3013 quem
879 2935 922 2998 ad
957 2954 1020 2997 nos
1054 2943 1088 2996 et
1123 2943 1255 2997 nostros
1286 2937 1413 2996 amicos
1445 2945 1477 2996 et
1508 2934 1777 3014 consanguineos

328 3035 450 3114 geritis,
486 3037 711 3117 multipliciter
747 3051 1010 3121 augmentantes,
1047 3041 1234 3120 llllilotonye
1269 3041 1360 3105 lratri
1395 3051 1511 3105 nostro
1547 3040 1775 3103 burcraviatus

328 3138 580 3206 olomucensisf
606 3149 706 3209 castri
731 3147 927 3210 beneficium
952 3150 1147 3224 contulistis,
1171 3149 1235 3210 alia
1252 3149 1313 3212 sibi
1334 3149 1422 3210 bona
1447 3149 1586 3229 plurima
1610 3148 1773 3210 favorabi-

328 3246 399 3308 liter
424 3249 665 3328 inpendendo.‘
708 3253 763 3317 Ad
796 3255 859 3316 hoc
883 3255 960 3318 licet
988 3257 1076 3316 inviti
1101 3256 1253 3318 dolorem
1277 3257 1407 3337 gaudiis
1432 3255 1642 3331 cumulando,
1668 3255 1774 3317 domi-

328 3358 461 3418 nacioni
481 3371 587 3420 vestre
613 3361 813 3442 intimamus,
838 3363 930 3443 quod
948 3357 1114 3426 Chonkoh
1136 3361 1237 3425 irater
1261 3373 1376 3426 noster
1400 3362 1510 3425 dictus
1530 3363 1572 3424 de
1594 3355 1773 3435 Kamnicz,i

328 3462 422 3524 miles
445 3473 553 3526 vester
586 3466 701 3543 fidelis,
726 3489 784 3547 per
817 3469 988 3531 homiuum
1013 3466 1207 3532 Witlionisk
1236 3467 1346 3532 fratris
1369 3470 1516 3533 Zawissii
1548 3467 1775 3532 fraudulenter

329 3569 491 3648 deceptus
523 3574 667 3648 insidias,
701 3585 818 3654 captus
851 3596 910 3655 per
941 3579 1043 3656 ipson,
1076 3578 1119 3639 ad
1150 3577 1296 3638 eundem
1321 3571 1533 3639 Witkonem¹
1562 3581 1595 3639 iu
1628 3577 1772 3638 Budiuo-

328 3677 450 3756 gouich
475 3693 525 3740 est
548 3681 715 3743 deductus
739 3691 772 3742 et
797 3683 923 3745 ibidem
946 3687 1090 3766 graviter
1114 3684 1289 3746 detinetur.
1330 3682 1442 3763 Quare
1467 3689 1522 3765 pie
1546 3685 1773 3748 dominacioni

328 3795 437 3846 vestre
476 3787 691 3851 devotissime
730 3790 964 3870 supplicamus,
1003 3803 1168 3872 quatenus
1207 3811 1308 3870 super
1345 3791 1410 3853 hoc
1449 3792 1560 3854 taliter
1598 3793 1774 3870 providere

329 3890 521 3973 dignemini,
545 3895 636 3976 quod
673 3899 767 3958 vobis
802 3899 902 3959 cedat
937 3899 980 3960 ad
1016 3899 1155 3979 gloriam
1187 3909 1221 3960 et
1252 3897 1424 3974 honorem,
1457 3908 1493 3960 ut
1524 3900 1704 3978 captivusm
1731 3898 1773 3958 de

329 4003 531 4078 captivitate,
556 4022 621 4083 qua
645 4007 716 4066 sine
742 4003 839 4085 culpa
864 4025 924 4066 sua
949 4007 1118 4082 premitur,
1142 4006 1250 4067 valeat
1275 4005 1413 4068 liberari.
1439 4005 1562 4068 Datum
1589 4014 1650 4067 etc.

437 4175 496 4227 Fol.
516 4181 561 4228 30⁴
580 4178 603 4229 c.
624 4182 684 4242 192,
704 4179 748 4231 tei
768 4195 786 4232 v
806 4181 944 4248 rukopise
963 4181 1093 4248 kapituly
1113 4179 1324 4248 Pratske140¹¹
1344 4179 1391 4233 iol.
1411 4183 1472 4232 243⁶
1491 4180 1628 4248 (Palaclrv
1647 4179 1775 4233 Formel·

329 4261 440 4314 bucher
458 4263 483 4316 11
501 4273 535 4317 st.
558 4271 598 4332 15,
618 4266 716 4321 Emler
736 4267 792 4321 RB.
812 4269 879 4324 116.
901 4269 988 4335 1991).
1026 4270 1088 4322 List
1107 4277 1189 4322 tento
1216 4269 1320 4322 moino
1339 4269 1457 4336 pololiti
1474 4271 1523 4339 jen
1542 4270 1582 4323 do
1602 4271 1676 4322 roku
1696 4272 1773 4329 1289,

327 4349 393 4416 jiste
422 4353 544 4420 pochazl
568 4372 582 4407 z
608 4357 688 4427 doby
716 4358 831 4411 domaci
859 4359 945 4427 valky
972 4373 1005 4412 se
1032 4367 1152 4412 stranou
1181 4359 1447 4424 Zaviiovou31290
1476 4373 1493 4410 ν
1521 4374 1612 4424 srpnu
1640 4360 1669 4427 je
1687 4357 1775 4411 Vitelc

329 4440 450 4493 obleien
470 4459 506 4496 na
526 4443 661 4499 Hluboke
680 4447 725 4510 (24
746 4463 833 4515 srpna
849 4448 931 4501 Zdvis
950 4444 1028 4508 stat),
1049 4447 1156 4500 kdeito
1176 4447 1223 4500 dle
1242 4447 1346 4500 tohoto
1366 4449 1431 4501 listu
1452 4449 1549 4501 ualeat
1569 4464 1601 4500 se
1620 4447 1775 4516 vBudejo·

328 4529 421 4582 vicich
441 4547 456 4583 a
477 4536 631 4604 vystupuje
650 4537 784 4606 vibojne,
803 4537 873 4606 tedy
893 4539 947 4589 rok
968 4541 1038 4590 1290
1062 4537 1118 4605 jest
1142 4537 1293 4605 nemoiny,
1314 4537 1388 4589 roku
1410 4541 1475 4590 1291
1497 4553 1514 4588 ν
1535 4537 1590 4589 lete
1613 4538 1670 4606 jest
1686 4537 1723 4607 jii
1743 4553 1775 4590 se

328 4627 448 4674 stranou
468 4621 627 4677 Zavisovou
653 4627 750 4680 davuo
769 4627 932 4679 zudtovano
956 4611 1054 4692 (Susta
1074 4610 1158 4680 CCH.
1179 4625 1190 4677 1
1209 4633 1243 4678 st.
1263 4623 1426 4696 338-392),
1446 4627 1536 4694 zbvva
1557 4626 1637 4679 tudii
1654 4628 1702 4695 Jen
1722 4629 1776 4680 rok

330 4711 407 4760 1289.
447 4711 514 4764 Kral
536 4713 643 4766 Vaclav
672 4715 742 4767 tolio
771 4717 845 4768 roku
871 4719 905 4768 23
931 4731 1017 4782 srpna
1044 4715 1142 4785 datuje
1168 4715 1359 4768 vOlomouci
1388 4714 1496 4778 (Emler
1522 4713 1579 4767 RB.
1599 4716 1623 4768 ll
1649 4717 1776 4784 t.1478)

329 4799 430 4864 patrue
449 4815 485 4851 na
505 4803 584 4855 ceste
604 4819 618 4855 z
639 4803 749 4874 Opavy,
769 4805 864 4858 listina
883 4812 943 4858 tam
962 4805 1077 4874 vydant
1096 4807 1165 4874 tyka
1184 4821 1216 4858 se
1235 4805 1385 4876 slezskych
1406 4805 1572 4858 zalelitosti.

437 4983 465 5042 a)
486 4979 589 5034 Schazi
608 4998 624 5032 v
645 4982 751 5051 Kapl.
782 5011 813 5020 ·-
844 4983 873 5041 bl
900 4983 1026 5052 ,dignata
1052 4989 1104 5036 est¹
1132 4983 1203 5049 Kap.
1218 4984 1240 5051 J.
1271 5012 1302 5022 -
1332 4982 1358 5050 c)
1384 4982 1578 5046 ,conserimus‘
1605 4984 1677 5050 Kap.
1691 4983 1713 5052 J.
1743 5013 1775 5022 —

330 5067 360 5128 d)
379 5071 592 5138 ,regraciarum‘
612 5071 650 5124 ln.
681 5099 713 5110 -
743 5073 771 5133 e)
797 5071 938 5134 ,Martino‘
959 5071 1030 5140 Kap.
1041 5072 1062 5140 J.
1093 5103 1120 5110 -
1153 5072 1178 5142 f)
1205 5073 1286 5134 ,talis‘
1307 5073 1377 5140 Kap.
1390 5072 1412 5138 J.
1443 5103 1475 5112 -
1504 5071 1532 5141 g)
1554 5073 1777 5139 ,impendentes‘

329 5155 401 5224 Kap.
412 5159 433 5226 J.
460 5189 492 5197 -
521 5159 550 5228 h)
577 5160 626 5224 ,C.‘
646 5161 710 5227 Kap
731 5159 753 5226 J.
775 5188 813 5198 -
839 5160 859 5228 i)
886 5169 938 5222 ...⁸
958 5163 1029 5229 Kap.
1043 5162 1064 5230 J.
1091 5191 1125 5199 -
1151 5163 1181 5231 k)
1207 5162 1246 5224 ,C.
1267 5162 1363 5215 fratris
1383 5161 1589 5216 fraudulenter‘
1609 5163 1682 5228 Kap.
1694 5161 1716 5230 J.
1744 5191 1775 5200 —

329 5245 348 5308 1)
369 5248 414 5311 ,M‘
434 5259 480 5303 est
499 5250 652 5304 deductus‘
673 5251 744 5317 Kap.
757 5249 779 5318 J.
802 5279 833 5288 -
854 5251 892 5318 m)
912 5252 1051 5319 ‚captivis‘
1071 5251 1109 5304 ln.
