3988 5844
1028 376 1082 424 206

335 591 512 670 assignare,
537 589 579 650 de
605 588 703 652 laneo
727 608 806 651 vero
830 589 981 669 quolibet
1005 591 1102 652 nobis
1126 601 1160 652 et
1175 588 1429 652 successoribus
1452 588 1575 652 nostris
1592 588 1635 650 de
1660 588 1781 651 dictis·

334 695 483 759 XXVIII
508 695 611 759 laneis
635 697 678 759 ad
704 715 842 776 presens
866 696 1087 771 censualibus,
1121 696 1243 776 elapsis
1274 715 1353 758 vero
1384 695 1490 758 tribus
1524 697 1618 758 annis
1649 716 1670 758 a
1693 695 1779 758 festo

334 806 424 869 beati
449 801 607 887 Georgiib
633 807 788 884 proxime
811 823 899 867 nunc
923 814 1073 880 venturo,
1106 804 1227 886 quibus
1257 804 1445 866 libertatem
1469 803 1594 866 habere
1618 803 1778 877 volumus,

340 909 399 994 Ἀθ
424 932 572 975 marcam
597 914 732 995 argenti,
763 911 978 974 medietatem
1004 914 1074 975 eius
1097 911 1130 972 in
1154 911 1239 974 festo
1263 911 1354 973 beati
1385 908 1525 992 Georgii
1559 921 1593 972 et
1624 909 1721 972 aliam
1746 911 1778 972 in

334 1019 420 1081 sesto
445 1019 534 1080 beati
551 1017 637 1081 Galli
653 1038 773 1082 census
790 1020 924 1081 nomine
948 1019 1181 1100 assignabunt;
1206 1027 1358 1096 preterea
1377 1016 1420 1078 de
1437 1016 1585 1098 qualibet
1607 1017 1779 1092 thaberna,

334 1137 500 1208 quotquot
524 1127 649 1189 ibidem
674 1127 896 1200 habebuntur,
919 1125 1082 1188 fertonem
1103 1128 1230 1208 argenti
1247 1135 1304 1186 aut
1321 1144 1461 1204 porcum
1477 1123 1589 1186 valens
1605 1122 1779 1197 fertonem,

334 1237 425 1314 quod
457 1235 489 1296 in
513 1244 627 1296 nostra
659 1237 803 1314 opcione
839 1235 998 1309 consistit,
1033 1234 1065 1294 in
1101 1233 1187 1296 festo
1219 1232 1306 1294 beati
1342 1230 1427 1294 Galli
1462 1225 1681 1314 assignabit‘l3
1714 1232 1781 1294 hoc

334 1342 477 1419 adiecto,
502 1342 591 1423 quod
617 1343 738 1405 domus
766 1342 921 1422 quelibet,
952 1339 1075 1422 quein
1099 1341 1223 1404 circulo
1248 1339 1309 1401 lori
1333 1341 1395 1400 sita
1426 1337 1531 1416 fuerit,
1564 1357 1624 1402 seu
1657 1339 1779 1400 habeat

333 1452 507 1512 tabernam
532 1467 591 1510 seu
615 1468 692 1526 non,
716 1449 812 1511 annis
834 1449 970 1530 singulis
993 1447 1157 1511 fertonem
1181 1446 1308 1530 argenti
1331 1457 1390 1508 aut
1414 1465 1552 1526 porcum
1570 1466 1632 1527 pro
1649 1444 1777 1508 fertone

334 1557 453 1619 reddet
476 1556 623 1618 similiter
648 1565 682 1617 et
705 1556 865 1618 exsolvet.
889 1555 1057 1618 Volumus
1081 1558 1192 1629 etiam,
1223 1564 1260 1616 ut
1290 1554 1394 1616 iudex
1429 1553 1519 1616 idem
1551 1573 1613 1634 pro
1645 1554 1777 1629 iudicio,

333 1663 493 1744 quamdiu
518 1663 615 1725 nobis
639 1672 673 1724 et
696 1665 907 1742 epIscopatui
930 1663 1223 1743 obtemperaverit,
1255 1662 1285 1724 lI
1309 1662 1427 1724 laneos
1450 1661 1579 1741 absque
1607 1659 1779 1722 solucione

334 1770 479 1852 qualibet
503 1771 607 1833 libere
629 1779 744 1834 teneat
766 1780 800 1834 et
823 1772 943 1852 quiete.
979 1770 1014 1835 Si
1038 1791 1126 1846 vern,
1150 1770 1244 1851 quod
1267 1769 1363 1844 absit,
1388 1771 1485 1832 nobis
1509 1788 1548 1831 ac
1574 1769 1778 1848 pauperibus

226 1958 229 1964 Ι
333 1878 484 1940 locorum
516 1878 749 1940 iamdictorum
782 1889 919 1960 propter
951 1878 1082 1957 culpam
1106 1897 1202 1940 suam
1225 1877 1378 1958 aliquam,
1402 1877 1494 1958 quod
1511 1895 1579 1940 non
1603 1875 1780 1951 credimus,

333 1985 364 2046 in
390 1984 500 2066 aliquo
525 1984 730 2064 displicerete
764 1993 821 2047 aut
854 1985 957 2047 nollet
988 1986 1019 2046 in
1051 1985 1177 2046 eisdem
1211 1983 1432 2064 personaliter
1463 1985 1617 2058 residere,
1652 1993 1778 2045 extunc

335 2093 444 2154 eidem
469 2092 633 2154 vendendi
659 2093 774 2154 laneos
790 2091 928 2156 eosdem
946 2091 1018 2153 aliis
1033 2091 1096 2152 sub
1112 2091 1238 2153 honere
1263 2109 1382 2153 census
1406 2090 1624 2152 concedimus
1640 2088 1778 2150 liberam

332 2199 534 2262 facultatem.
569 2196 743 2262 Adicimus
775 2202 918 2278 insuper,
950 2197 1041 2280 quod
1067 2198 1110 2260 de
1133 2197 1195 2260 XII
1220 2191 1406 2260 mancellisf
1440 2199 1599 2268 carnium,
1633 2207 1778 2276 excepto

332 2307 538 2370 tredecimog
565 2306 694 2382 iudicis,
719 2301 835 2388 quodh
859 2307 962 2368 libere
990 2305 1182 2386 possidebit,
1214 2325 1274 2384 pro
1299 2305 1448 2385 quolibet
1472 2305 1554 2384 lapis
1579 2304 1648 2384 sepi
1677 2304 1777 2366 colati

333 2424 447 2478 nostre
471 2433 603 2476 camere
626 2415 659 2476 in
683 2413 769 2476 festo
793 2416 883 2476 beati
906 2413 992 2477 Galli
1016 2414 1138 2476 debeat
1162 2413 1353 2494 presentari.
1380 2411 1533 2474 Promisit
1557 2412 1658 2473 etiam
1673 2410 1778 2472 iudex

332 2520 520 2584 antedictus
551 2521 696 2585 manuali
730 2541 830 2602 super
862 2522 926 2584 hoc
962 2521 1100 2602 prestito
1137 2525 1331 2597 iuramento,
1363 2513 1473 2600 quodi
1511 2517 1628 2581 XXVI
1661 2517 1778 2580 laneos

332 2630 485 2707 superius
508 2631 699 2691 nominatos
723 2627 848 2691 locabit
871 2629 968 2692 bonis
993 2629 1184 2692 hominibus
1208 2626 1292 2691 inira
1315 2628 1466 2706 spacium
1490 2627 1590 2688 trium
1614 2643 1777 2688 annorum

333 2737 577 2816 predictorum;
602 2737 693 2818 quod
718 2738 745 2798 si
768 2734 890 2814 forsan,
915 2737 1006 2817 quod
1031 2755 1099 2798 non
1123 2735 1298 2810 credimus,
1322 2735 1506 2815 adimplere
1537 2753 1606 2795 non
1638 2741 1781 2808 curaret,

333 2853 458 2906 extunc
482 2845 579 2906 nobis
605 2842 653 2905 Vl
678 2863 808 2906 marcas
838 2845 907 2906 auri
939 2844 1074 2905 nomine
1106 2862 1191 2922 pene
1222 2843 1291 2905 sine
1323 2843 1594 2905 contradiccione
1627 2838 1776 2921 qualibet

332 2951 521 3033 assignabit,
547 2970 607 3031 pro
632 2951 752 3032 quibus
776 2951 865 3013 idem
893 2951 997 3012 iudex
1027 2953 1059 3012 in
1093 2951 1223 3012 duabus
1259 2951 1379 3012 marcis
1402 2951 1472 3012 auri
1501 2941 1549 3011 eti
1594 2946 1777 3030 Gregorius

333 3061 365 3121 in
397 3077 507 3120 marca
540 3059 609 3120 auri
649 3061 738 3121 cives
773 3058 1022 3122 Pribramenses
1053 3077 1089 3122 se
1123 3067 1293 3138 tamquam
1328 3057 1539 3120 fideiussores
1571 3074 1646 3117 cum
1679 3055 1778 3116 bonis

333 3165 511 3228 mobilibus
535 3174 568 3227 et
592 3165 815 3229 immobilibus
839 3166 1049 3244 presentibus
1073 3165 1270 3246 obligarunt.
1299 3165 1335 3227 In
1360 3164 1453 3227 cuius
1478 3164 1522 3225 rei
1547 3171 1608 3225 etc.
1642 3161 1775 3224 Pontifi-

333 3282 428 3335 catus
452 3281 514 3334 etc.

438 3463 499 3518 Fol.
519 3469 553 3517 47
573 3463 595 3516 ὅ.
616 3468 677 3530 266,
697 3465 742 3518 tei
761 3481 779 3517 v
798 3465 936 3533 rukopise
955 3466 1085 3534 kapituly
1105 3464 1230 3518 Praislre
1248 3463 1322 3534 J40¹’
1336 3463 1383 3518 sol.
1403 3464 1463 3517 2⁶5·
1484 3463 1628 3534 (PalaclrJ,
1648 3464 1776 3518 Formel·

332 3553 442 3606 bsrcher
461 3553 485 3605 ll
504 3560 538 3606 st.
558 3552 629 3623 208).
658 3553 734 3608 Toto
754 3553 870 3607 osazeni
890 3553 1028 3607 Piibrami
1048 3569 1064 3606 a
1083 3553 1220 3607 oltolnich
1239 3555 1340 3606 vesnic
1358 3554 1474 3623 noerni
1493 3555 1638 3624 osadnilry
1656 3555 1715 3624 jest
1734 3555 1777 3606 asi

331 3643 470 3696 nasledek
490 3643 574 3712 valky
595 3659 615 3694 r.
635 3645 705 3696 1289
724 3643 810 3712 (srov.
832 3642 855 3696 ἔ.
875 3648 909 3697 29
929 3658 945 3695 a
967 3641 1037 3712 187),
1057 3643 1115 3712 lady
1138 3643 1264 3696 Piibram
1278 3661 1291 3696 s
1304 3643 1412 3698 okollm
1432 3642 1659 3712 neptatelskymi
1677 3645 1775 3713 vpady

332 3733 440 3785 mnoho
459 3732 659 3800 obyvatelstva
678 3732 795 3785 ztratila.
813 3731 876 3798 Jest
896 3731 1153 3799 pravdepodobno,
1174 3731 1206 3784 ie
1225 3739 1286 3785 tato
1300 3731 1426 3786 reforma
1440 3748 1471 3784 se
1485 3734 1557 3786 atala
1576 3734 1647 3802 bray
1666 3741 1775 3801 potom,

332 3821 407 3891 kdyt
427 3822 539 3890 nastaly
557 3821 627 3889 opet
645 3822 743 3875 klidne
764 3821 892 3890 pomery,
912 3821 981 3890 tedy
1000 3821 1073 3874 snad
1094 3825 1163 3876 1290
1183 3823 1239 3874 neb
1260 3825 1336 3874 1291.

443 3981 458 4043 'J
479 3981 556 4035 Brod
575 3997 592 4035 a
612 3981 781 4052 nesledujici
801 3982 844 4034 vsi
863 3983 991 4052 viechny
1011 3998 1028 4034 v
1047 3982 1126 4036 olroli
1146 3981 1292 4036 Piibrami.

436 4942 464 5009 a)
476 4941 632 5009 ,ductibus‘
648 4942 694 5005 ln..
715 4943 827 5006 ,ductis‘
847 4943 917 5010 Kap.
930 4943 952 5012 J.
974 4973 1005 4982 —
1027 4943 1056 5012 b)
1076 4944 1230 5014 ,Johannis‘
1243 4944 1313 5013 Kap.
1327 4944 1350 5014 J.
1371 4975 1403 4984 -
1423 4945 1450 5016 c)
1464 4947 1605 5008 ,mediam‘
1618 4947 1689 5015 Kap.
1701 4947 1724 5016 J.
1740 4976 1772 4986 -

327 5031 359 5099 d)
379 5032 587 5102 ,assignabitur
618 5031 689 5098 Kap.
708 5031 730 5101 J.
751 5061 785 5070 —
805 5030 831 5100 e)
851 5034 1028 5101 ‚dispiceret‘
1045 5035 1086 5088 In.
1105 5061 1139 5072 ·-
1159 5033 1181 5101 i)
1200 5035 1298 5103 ,laneis
1318 5036 1460 5090 maccelis‘
1480 5034 1529 5098 ln..
1549 5037 1657 5101 ,laneis‘
1676 5038 1774 5091 scitari

328 5137 346 5174 v
365 5121 437 5190 Kap.
455 5121 477 5190 J.
503 5151 537 5161 -
562 5120 590 5192 g)
610 5121 771 5186 ,creditivo‘
790 5121 839 5188 ln,
859 5122 960 5190 ‚XIII0‘
980 5124 1052 5190 Kap.
1070 5123 1092 5192 J.
1122 5152 1149 5162 -
1177 5125 1385 5194 h),quem‘1n.
1414 5155 1443 5164 -
1464 5127 1484 5195 i)
1505 5127 1594 5195 ,quod
1613 5127 1704 5196 quod‘
1723 5127 1774 5191 In.,

329 5213 417 5279 ,quod
437 5211 598 5266 XXXVIll‘
617 5211 688 5279 Kap.
709 5211 730 5281 J.
754 5239 783 5250 -
802 5213 824 5280 j)
845 5212 900 5275 ,Pe
921 5214 949 5266 in
969 5227 1072 5272 marca.
1094 5213 1193 5267 Petrus
1213 5215 1306 5268 etalii
1326 5215 1405 5269 cives
1423 5221 1581 5284 tamquam‘
1604 5215 1677 5285 Kap.
1696 5217 1718 5286 J.
