3968 5848
911 381 961 428 117

209 603 287 655 sunt
311 593 458 668 vinculis¹
492 597 578 657 iusta
604 595 795 672 precamina
826 603 920 676 grate
952 594 1122 674 suscipere
1154 603 1189 656 et
1212 595 1396 672 adimplere
1431 591 1658 656 favorabiliter

208 709 392 776 teneamur,
416 701 470 763 illa
494 712 605 764 tamen
637 702 843 781 prompciori
877 705 991 764 animo
1023 703 1066 764 de
1091 703 1293 784 benignitate
1323 701 1421 764 solita
1445 699 1658 763 favorabilius

209 807 422 880 exaudimus,
446 809 479 869 in
503 811 626 889 quibus
649 818 683 871 et
707 812 899 888 petencium
932 809 1098 872 desiderio
1132 808 1352 870 satisfacimus
1377 817 1409 869 et
1433 827 1519 885 opus
1543 826 1657 886 prose·

210 914 343 993 quimur
366 915 507 994 pietatis.
532 915 724 996 Eapropter
748 917 900 978 noverint
916 915 1056 977 universi
1074 924 1108 976 et
1131 915 1247 996 singuli
1272 924 1424 976 tenorem
1450 915 1658 994 presencium

209 1022 400 1100 inspecturi,
431 1021 523 1102 quod
556 1041 617 1084 nos
656 1025 831 1101 cupientes
856 1022 1101 1084 honorabilium
1126 1022 1337 1084 dominarum
1374 1016 1659 1104 (Chunegundis)⁸

210 1147 369 1209 germane
393 1131 519 1191 sororis
550 1139 583 1190 et
615 1125 845 1210 (Elyzabetth
871 1139 1049 1192 matertere
1081 1139 1270 1191 nostrarum
1299 1128 1507 1203 dilectarum,
1531 1128 1564 1190 in
1589 1146 1657 1187 mo·

209 1239 357 1298 nasterio
380 1239 488 1298 sancti
511 1235 539 1298 F
542 1237 679 1299 rancisci
706 1237 810 1318 Frage
834 1238 972 1299 domino
997 1235 1241 1311 famulancium,
1267 1235 1421 1315 peticioni
1455 1253 1601 1296 annuere
1626 1244 1660 1295 et

211 1341 255 1403 illi
280 1346 441 1422 precipue
465 1353 538 1404 toto
563 1345 682 1405 mentis
707 1345 841 1424 placere
866 1343 997 1418 affectu,
1031 1347 1089 1425 qui
1115 1363 1175 1421 pro
1200 1344 1348 1422 inpensis
1372 1345 1404 1404 in
1431 1361 1574 1419 persona
1598 1359 1659 1403 sua

211 1451 422 1528 pauperibus,
447 1451 614 1512 debilibus
630 1461 664 1513 et
680 1451 817 1514 infirmis
841 1452 987 1514 caritatis
1011 1452 1170 1530 operibus
1187 1461 1301 1512 eterna
1319 1451 1445 1529 premia
1461 1449 1659 1530 pollicetur0,

211 1555 260 1616 ius
284 1566 482 1634 patronatus
507 1559 646 1620 ecclesie
671 1568 704 1620 et
728 1559 761 1621 in
778 1557 919 1621 ecclesia
944 1559 1082 1621 civitatis
1105 1568 1219 1621 nostre
1236 1550 1573 1640 (Chunegespercth,
1597 1559 1659 1617 site

211 1663 245 1724 in
268 1665 436 1743 provincia
461 1662 656 1742 Cubitensi‘,
689 1685 765 1727 cum
789 1667 945 1728 omnibus
970 1665 1157 1727 redditibus
1182 1675 1214 1728 et
1239 1666 1309 1727 aliis
1334 1665 1461 1727 iuribus
1485 1663 1528 1725 ad
1554 1666 1659 1740 ipsam

213 1770 255 1832 de
278 1771 350 1832 iure
383 1773 634 1851 pertinentibus,
667 1775 723 1853 pio
760 1783 793 1834 et
830 1773 986 1855 religioso
1017 1772 1102 1846 loco,
1134 1771 1290 1851 hospitali
1322 1771 1476 1834 videlicet
1507 1771 1658 1832 eiusdem

213 1881 318 1940 sancti
355 1878 526 1940 Francisci
550 1882 582 1942 in
606 1881 693 1960 pedo
718 1881 830 1960 pontis
855 1880 1038 1960 Pragensis,
1063 1881 1095 1942 in
1120 1899 1188 1960 quo
1206 1879 1419 1960 pauperibus,
1444 1876 1609 1940 debilibus
1625 1886 1659 1937 et

215 1984 350 2048 infirmis
374 1987 478 2048 multa
503 1981 648 2066 pietatisf
670 2005 774 2066 opera
798 1987 1010 2064 exhibentur,
1035 1987 1078 2049 de
1094 1995 1208 2048 nostre
1233 1985 1454 2048 liberalitatisg
1479 1985 1660 2046 clemencia

215 2093 430 2156 concedimus
454 2093 634 2156 liberaliter
670 2107 702 2155 et
727 2094 904 2169 donamus,
930 2096 1019 2158 idern
1044 2095 1094 2156 ius
1118 2103 1316 2174 patronatus
1340 2094 1371 2154 in
1396 2090 1563 2170 hospitale
1587 2108 1660 2168 pre·

215 2200 336 2261 dictum
362 2202 451 2261 etin
476 2203 626 2264 eiusdem
652 2203 826 2281 hospitalis
850 2204 1044 2285 magistrum
1070 2211 1103 2264 et
1127 2201 1245 2263 fratres
1268 2198 1449 2263 cruciferos
1474 2217 1549 2260 cum
1566 2197 1660 2260 stella

213 2307 428 2388 ipsorumque
469 2327 683 2370 successores
729 2329 862 2371 exnunc
906 2321 1023 2372 tenore
1070 2309 1280 2389 presencium
1324 2327 1369 2369 ex
1408 2315 1499 2368 certa
1546 2316 1660 2366 nostra

215 2415 354 2476 sciencia
378 2425 412 2477 et
436 2414 564 2479 liberali
596 2417 708 2499 gracia
732 2417 979 2480 transferentes.
1029 2416 1063 2478 ln
1090 2418 1184 2478 cuius
1208 2413 1407 2476 donacionis
1431 2423 1543 2475 nostre
1566 2413 1659 2473 testi-

215 2523 360 2584 monium
385 2533 419 2585 et
443 2523 543 2584 robur
567 2533 730 2603 perpetuo
755 2525 952 2586 duraturum
976 2533 1148 2602 presentes
1173 2541 1274 2600 super
1307 2522 1372 2583 hoc
1396 2520 1467 2582 fieri
1491 2529 1524 2581 et
1548 2517 1660 2600 sigillis

215 2632 335 2691 nostris
358 2631 516 2692 iussimus
540 2631 745 2693 communiri.
796 2631 921 2694 Datum
954 2627 1087 2713 (Frage)
1120 2649 1179 2708 per
1211 2648 1331 2691 manus
1364 2626 1462 2710 (mag.
1495 2625 1660 2703 Welizlay

215 2736 455 2812 prothonotarii
480 2739 571 2818 regni
596 2741 701 2800 nostri
726 2737 910 2820 Pragensis,
934 2735 1168 2800 Olomucensis
1192 2745 1226 2798 et
1251 2735 1539 2818 Wissegradensis
1555 2735 1660 2794 eccle·

214 2842 332 2904 siarum
356 2843 508 2906 canonici
533 2865 560 2906 a.
586 2844 617 2907 d.
642 2840 942 2920 MCCLXXXV10,
966 2845 1030 2907 Xll
1056 2845 1127 2906 Kal.
1152 2843 1224 2924 Jul.,
1250 2843 1438 2905 indiccione
1462 2835 1586 2922 XIV.)¹¹

319 3017 379 3070 Fol.
399 3023 433 3070 22
453 3017 476 3070 ὅ.
496 3024 557 3080 147,
578 3020 622 3072 tet
642 3035 660 3070 v
680 3021 722 3072 rlr.
743 3020 874 3089 kapituly
895 3020 1018 3072 Praiske
1036 3016 1111 3086 J40b
1130 3018 1177 3072 fol.
1198 3023 1257 3072 234.
1281 3017 1410 3086 Origindl
1430 3018 1492 3069 teto
1511 3015 1607 3084 listiny
1626 3029 1658 3068 se.

215 3108 349 3160 zachoval
370 3123 387 3159 v
406 3108 526 3161 archivu
546 3103 718 3161 kfiiovnfkii
739 3125 756 3160 v
772 3112 860 3162 l’raze
879 3107 988 3175 (Emler
1007 3109 1063 3161 RB.
1084 3108 1107 3160 ll
1128 3109 1150 3161 ἐ.
1173 3111 1261 3173 1386).
1281 3107 1384 3161 Odtud
1398 3105 1546 3173 doplneno
1560 3105 1660 3157 datum

216 3211 231 3246 a
248 3197 352 3262 jmena.

902 3433 973 3495 148.

215 3569 302 3632 Kra'l
332 3571 452 3634 Vciclav
485 3571 527 3634 ll.
557 3574 726 3654 porvrzust
761 3573 926 3635 darova‘nr'
952 3573 1036 3636 dlda
1066 3573 1164 3636 sve'lzo
1194 3595 1215 3635 a
1248 3594 1352 3636 enoria
1387 3573 1515 3654 adalluje
1537 3569 1659 3653 ipita'lu

213 3677 402 3741 keaovm'trt
426 3700 471 3741 cv.
498 3678 675 3742 Frantflka
698 3702 720 3740 u
743 3692 846 3743 mostu
869 3702 890 3742 v
913 3681 1019 3742 Praae
1050 3680 1169 3761 kostely
1195 3701 1216 3742 v
1239 3669 1424 3754 Revnr'cz'ch,
1456 3677 1661 3742 Va'clavrcfclc

395 3807 417 3848 a
443 3771 593 3850 Z'ivhorri
614 3808 632 3848 s
651 3787 787 3869 prdvem
806 3793 1032 3866 patrona'tnfm
1056 3809 1078 3850 a
1101 3790 1186 3850 olim
1205 3787 1483 3867 pflslufenstvfm.

1265 3944 1553 4028 (1287-12902).

332 4093 407 4152 Rex
431 4091 558 4153 confert
583 4091 740 4170 hospitali
766 4091 810 4152 lll
836 4093 996 4155 ecclesias
1021 4097 1091 4155 iure
1116 4102 1280 4173 perpetuo
1306 4091 1540 4170 possidendas.

320 4231 568 4314 Wlenceslaus)
601 4233 657 4294 dei
688 4236 801 4316 gracia
840 4253 900 4295 rex
933 4233 1068 4295 Boemie
1101 4243 1134 4295 et
1158 4235 1306 4296 marchio
1334 4234 1482 4296 llloravie
1506 4235 1661 4295 omnibus

214 4327 467 4422 imperpetuum.
514 4338 627 4417 Opere
667 4342 817 4418 precium
855 4339 928 4402 fore
967 4341 1195 4422 dignoscimus
1233 4353 1301 4403 tam
1348 4341 1391 4402 ad
1432 4340 1660 4403 extollendum

216 4443 372 4531 gloriami
408 4451 553 4511 nominis
584 4466 685 4528 quam
719 4457 829 4525 partes
864 4451 994 4510 iusticie
1026 4447 1168 4510 fideliter
1200 4447 1460 4526 adimplendum,
1485 4456 1522 4508 ut
1553 4446 1661 4508 anime

214 4557 384 4638 quondam
415 4559 576 4639 genitoris
608 4538 714 4617 nostri
746 4557 870 4617 domini
908 4549 1105 4634 (Ottacari)j
1136 4555 1235 4616 incliti
1272 4557 1360 4638 regis
1391 4553 1528 4616 Boemie
1559 4551 1661 4614 felicis

215 4665 382 4738 memorie,
408 4683 468 4742 per
493 4683 592 4744 quem
617 4663 671 4724 dei
693 4665 806 4741 previa
826 4663 996 4724 voluntate
1017 4664 1082 4723 vite
1107 4662 1270 4740 presentis
1294 4662 1435 4724 exordia
1459 4664 1660 4736 sumpsimus

215 4783 245 4833 et
268 4783 432 4834 terrarum
458 4791 497 4832 ac
522 4773 777 4850 principatuum,
803 4789 945 4850 quorum
971 4770 1095 4831 dicioni
1120 4787 1305 4848 presumuS,
1332 4769 1427 4830 heres
1449 4778 1481 4828 et
1506 4769 1661 4830 dominus

319 4967 347 5032 a)
367 4971 419 5026 ,..¹
440 4963 489 5028 In,
509 4961 554 5024 ,M‘
576 4962 683 5030 KapJ.
709 4991 742 5000 —
769 4963 798 5022 b)
820 5000 844 5022 ,.
860 4963 876 5013 .‘
896 4961 944 5020 ln..
967 4961 1143 5023 ,Katherine‘
1163 4959 1237 5027 Kap.
1248 4959 1271 5028 J.
1298 4989 1331 4998 -
1356 4961 1383 5028 c)
1403 4960 1591 5027 ,pollicentur‘
1611 4958 1660 5020 ln..

214 5054 384 5120 ,pollicetur‘
405 5051 478 5120 Kap.
491 5051 512 5119 J.
540 5081 564 5088 -
588 5053 618 5120 d)
639 5056 692 5112 ,..‘
712 5051 760 5112 ln,
781 5050 879 5102 schazi
898 5066 916 5101 v
937 5049 1009 5116 Kap.
1029 5051 1049 5116 J.
1070 5079 1102 5088 -
1123 5049 1150 5119 e)
1170 5052 1236 5112 ,tali‘
1256 5048 1328 5117 Kap.
1341 5049 1364 5118 J.
1387 5078 1415 5087 -
1438 5049 1461 5118 fJ
1481 5051 1591 5117 ,pietas‘
1611 5047 1659 5106 ln,¹

213 5143 347 5208 pietatis·
364 5141 438 5209 Kap.
457 5143 470 5210 J
491 5142 499 5192 i
518 5141 589 5211 orig.
609 5168 642 5178 —
661 5141 690 5209 g)
710 5139 870 5203 ,libertatis¹
883 5138 931 5200 In..
951 5139 1147 5202 ,liberalitatis‘
1167 5137 1265 5207 Kap.]
1285 5140 1293 5191 i
1314 5140 1383 5210 orig.
1404 5167 1434 5176 -
1457 5138 1487 5206 h)
1507 5136 1659 5205 Doplneno

214 5231 260 5284 dle
279 5232 349 5300 orig.
368 5261 399 5269 -
421 5232 440 5298 i)
461 5231 627 5299 ingloriam*
642 5230 680 5281 ln.
701 5230 709 5281 i
730 5229 801 5296 Kap.
817 5231 840 5298 J.
861 5258 893 5267 -
913 5229 933 5297 j)
955 5228 1009 5291 ,W‘
1030 5229 1078 5291 ln..
1099 5227 1142 5296 ,O‘
1156 5228 1229 5297 Kap.
1241 5227 1265 5298 J.
