<?xml version="1.0" encoding="UTF-8"?>
<!DOCTYPE html PUBLIC "-//W3C//DTD XHTML 1.0 Transitional//EN"
    "http://www.w3.org/TR/xhtml1/DTD/xhtml1-transitional.dtd">
<html xmlns="http://www.w3.org/1999/xhtml" xml:lang="en" lang="en">
 <head>
  <title>
</title>
<meta http-equiv="Content-Type" content="text/html;charset=utf-8" />
  <meta name='ocr-system' content='tesseract 3.04.00' />
  <meta name='ocr-capabilities' content='ocr_page ocr_carea ocr_par ocr_line ocrx_word'/>
</head>
<body>
  <div class='ocr_page' id='page_1' title='image "./formulbiskupato00novgoog_0213.png"; bbox 0 0 3988 5844; ppageno 0'>
   <div class='ocr_carea' id='block_1_1' title="bbox 897 409 947 456">
    <p class='ocr_par' dir='ltr' id='par_1_1' title="bbox 897 409 947 456">
     <span class='ocr_line' id='line_1_1' title="bbox 897 409 947 456; baseline -0.04 0"><span class='ocrx_word' id='word_1_1' title='bbox 897 409 947 456; x_wconf 90' lang='grc'><strong>171</strong></span> 
     </span>
    </p>
   </div>
   <div class='ocr_carea' id='block_1_2' title="bbox 197 617 1646 1236">
    <p class='ocr_par' dir='ltr' id='par_1_2' title="bbox 197 617 1646 1236">
     <span class='ocr_line' id='line_1_2' title="bbox 198 617 1645 705; baseline 0.001 -23"><span class='ocrx_word' id='word_1_2' title='bbox 198 621 294 701; x_wconf 92' lang='lat' dir='ltr'><strong>gulos</strong></span> <span class='ocrx_word' id='word_1_3' title='bbox 316 630 386 682; x_wconf 90' lang='lat' dir='ltr'><strong>tam</strong></span> <span class='ocrx_word' id='word_1_4' title='bbox 410 639 519 682; x_wconf 88' lang='lat' dir='ltr'><strong>mares</strong></span> <span class='ocrx_word' id='word_1_5' title='bbox 543 637 643 698; x_wconf 86' lang='lat' dir='ltr'><strong>quarn</strong></span> <span class='ocrx_word' id='word_1_6' title='bbox 668 617 817 694; x_wconf 81' lang='lat' dir='ltr'><strong>feminas,</strong></span> <span class='ocrx_word' id='word_1_7' title='bbox 842 624 1070 705; x_wconf 88' lang='lat' dir='ltr'><strong>cuiuscunque</strong></span> <span class='ocrx_word' id='word_1_8' title='bbox 1093 632 1198 685; x_wconf 90' lang='lat' dir='ltr'><strong>status</strong></span> <span class='ocrx_word' id='word_1_9' title='bbox 1214 632 1247 686; x_wconf 90' lang='lat' dir='ltr'><strong>et</strong></span> <span class='ocrx_word' id='word_1_10' title='bbox 1264 623 1471 686; x_wconf 89' lang='lat' dir='ltr'><strong>condicionis</strong></span> <span class='ocrx_word' id='word_1_11' title='bbox 1488 625 1645 694; x_wconf 85' lang='lat' dir='ltr'>existant,</span> 
     </span>
     <span class='ocr_line' id='line_1_3' title="bbox 197 730 1644 812; baseline 0.002 -23"><span class='ocrx_word' id='word_1_12' title='bbox 197 737 235 790; x_wconf 88' lang='lat' dir='ltr'><strong>ut</strong></span> <span class='ocrx_word' id='word_1_13' title='bbox 257 730 321 806; x_wconf 90' lang='lat' dir='ltr'><strong>ipsi</strong></span> <span class='ocrx_word' id='word_1_14' title='bbox 345 735 465 804; x_wconf 91' lang='lat' dir='ltr'><strong>vestes,</strong></span> <span class='ocrx_word' id='word_1_15' title='bbox 488 747 603 809; x_wconf 89' lang='lat' dir='ltr'><strong>equos,</strong></span> <span class='ocrx_word' id='word_1_16' title='bbox 637 732 779 806; x_wconf 88' lang='lat' dir='ltr'><strong>pecunie</strong></span> <span class='ocrx_word' id='word_1_17' title='bbox 804 750 969 793; x_wconf 91' lang='lat' dir='ltr'><strong>summam</strong></span> <span class='ocrx_word' id='word_1_18' title='bbox 994 740 1027 792; x_wconf 93' lang='lat' dir='ltr'><strong>et</strong></span> <span class='ocrx_word' id='word_1_19' title='bbox 1052 750 1104 792; x_wconf 90' lang='lat' dir='ltr'><strong>res</strong></span> <span class='ocrx_word' id='word_1_20' title='bbox 1128 730 1209 794; x_wconf 89' lang='lat' dir='ltr'><strong>alias</strong></span> <span class='ocrx_word' id='word_1_21' title='bbox 1234 731 1488 812; x_wconf 86' lang='lat' dir='ltr'><strong>qualescunque,</strong></span> <span class='ocrx_word' id='word_1_22' title='bbox 1513 730 1644 811; x_wconf 90' lang='lat' dir='ltr'><strong>pietatis</strong></span> 
     </span>
     <span class='ocr_line' id='line_1_4' title="bbox 199 834 1643 918; baseline 0.001 -23"><span class='ocrx_word' id='word_1_23' title='bbox 199 835 318 897; x_wconf 88' lang='lat' dir='ltr'><strong>intuitu</strong></span> <span class='ocrx_word' id='word_1_24' title='bbox 343 834 479 917; x_wconf 88' lang='lat' dir='ltr'><strong>legatas,</strong></span> <span class='ocrx_word' id='word_1_25' title='bbox 504 835 653 897; x_wconf 83' lang='lat' dir='ltr'>honestis</span> <span class='ocrx_word' id='word_1_26' title='bbox 678 843 711 897; x_wconf 91' lang='lat' dir='ltr'><strong>et</strong></span> <span class='ocrx_word' id='word_1_27' title='bbox 736 835 898 918; x_wconf 78' lang='lat' dir='ltr'><strong>religiosis</strong></span> <span class='ocrx_word' id='word_1_28' title='bbox 921 839 997 900; x_wconf 90' lang='lat' dir='ltr'><strong>viris</strong></span> <span class='ocrx_word' id='word_1_29' title='bbox 1017 885 1023 898; x_wconf 95' lang='lat'><strong>.</strong></span> <span class='ocrx_word' id='word_1_30' title='bbox 1043 845 1065 898; x_wconf 81' lang='lat'><strong>.⁸</strong></span> <span class='ocrx_word' id='word_1_31' title='bbox 1092 839 1194 917; x_wconf 87' lang='lat' dir='ltr'><strong>priori</strong></span> <span class='ocrx_word' id='word_1_32' title='bbox 1218 848 1251 901; x_wconf 93' lang='lat' dir='ltr'><strong>et</strong></span> <span class='ocrx_word' id='word_1_33' title='bbox 1276 838 1432 900; x_wconf 84' lang='lat' dir='ltr'><strong>iratribus</strong></span> <span class='ocrx_word' id='word_1_34' title='bbox 1456 836 1643 916; x_wconf 91' lang='lat' dir='ltr'><strong>predicato-</strong></span> 
     </span>
     <span class='ocr_line' id='line_1_5' title="bbox 199 939 1646 1026; baseline 0.001 -23"><span class='ocrx_word' id='word_1_35' title='bbox 199 943 290 1004; x_wconf 89' lang='lat' dir='ltr'><strong>ribus</strong></span> <span class='ocrx_word' id='word_1_36' title='bbox 314 941 358 1004; x_wconf 92' lang='lat' dir='ltr'><strong>de</strong></span> <span class='ocrx_word' id='word_1_37' title='bbox 383 943 488 1005; x_wconf 86' lang='lat' dir='ltr'><strong>domo</strong></span> <span class='ocrx_word' id='word_1_38' title='bbox 512 939 668 1024; x_wconf 90' lang='lat' dir='ltr'><strong>Pragensi</strong></span> <span class='ocrx_word' id='word_1_39' title='bbox 685 946 791 1006; x_wconf 91' lang='lat' dir='ltr'><strong>sancti</strong></span> <span class='ocrx_word' id='word_1_40' title='bbox 808 941 989 1008; x_wconf 89' lang='lat' dir='ltr'><strong>Clementis</strong></span> <span class='ocrx_word' id='word_1_41' title='bbox 1004 945 1210 1026; x_wconf 82' lang='lat' dir='ltr'><strong>integraliter</strong></span> <span class='ocrx_word' id='word_1_42' title='bbox 1226 947 1394 1026; x_wconf 85' lang='lat' dir='ltr'><strong>assignent</strong></span> <span class='ocrx_word' id='word_1_43' title='bbox 1411 948 1497 1008; x_wconf 92' lang='lat' dir='ltr'><strong>sicut</strong></span> <span class='ocrx_word' id='word_1_44' title='bbox 1513 943 1646 1018; x_wconf 91' lang='lat' dir='ltr'><strong>debent,</strong></span> 
     </span>
     <span class='ocr_line' id='line_1_6' title="bbox 199 1050 1643 1132; baseline 0.001 -22"><span class='ocrx_word' id='word_1_45' title='bbox 199 1069 282 1129; x_wconf 90' lang='lat' dir='ltr'><strong>quas</strong></span> <span class='ocrx_word' id='word_1_46' title='bbox 306 1050 396 1129; x_wconf 91' lang='lat' dir='ltr'><strong>apud</strong></span> <span class='ocrx_word' id='word_1_47' title='bbox 430 1069 467 1112; x_wconf 89' lang='lat' dir='ltr'><strong>se</strong></span> <span class='ocrx_word' id='word_1_48' title='bbox 499 1050 671 1131; x_wconf 92' lang='lat' dir='ltr'><strong>hucusque</strong></span> <span class='ocrx_word' id='word_1_49' title='bbox 702 1051 914 1114; x_wconf 89' lang='lat' dir='ltr'><strong>detinuerunt</strong></span> <span class='ocrx_word' id='word_1_50' title='bbox 939 1056 1050 1115; x_wconf 89' lang='lat' dir='ltr'><strong>minus</strong></span> <span class='ocrx_word' id='word_1_51' title='bbox 1074 1055 1168 1130; x_wconf 93' lang='lat' dir='ltr'><strong>iuste,</strong></span> <span class='ocrx_word' id='word_1_52' title='bbox 1200 1071 1259 1132; x_wconf 90' lang='lat' dir='ltr'><strong>per</strong></span> <span class='ocrx_word' id='word_1_53' title='bbox 1290 1071 1465 1116; x_wconf 88' lang='lat' dir='ltr'><strong>censuram</strong></span> <span class='ocrx_word' id='word_1_54' title='bbox 1490 1051 1643 1113; x_wconf 90' lang='lat' dir='ltr'><strong>ecclesia·</strong></span> 
     </span>
     <span class='ocr_line' id='line_1_7' title="bbox 199 1156 791 1236; baseline 0 -16"><span class='ocrx_word' id='word_1_55' title='bbox 199 1159 314 1220; x_wconf 91' lang='lat' dir='ltr'><strong>sticam</strong></span> <span class='ocrx_word' id='word_1_56' title='bbox 340 1157 556 1236; x_wconf 89' lang='lat' dir='ltr'><strong>compellatis.</strong></span> <span class='ocrx_word' id='word_1_57' title='bbox 582 1156 706 1220; x_wconf 89' lang='lat' dir='ltr'><strong>Datum</strong></span> <span class='ocrx_word' id='word_1_58' title='bbox 730 1167 791 1221; x_wconf 92' lang='lat' dir='ltr'><strong>etc.</strong></span> 
     </span>
    </p>
   </div>
   <div class='ocr_carea' id='block_1_3' title="bbox 199 1295 1644 1440">
    <p class='ocr_par' dir='ltr' id='par_1_3' title="bbox 199 1295 1644 1440">
     <span class='ocr_line' id='line_1_8' title="bbox 307 1295 1644 1368; baseline 0.001 -20"><span class='ocrx_word' id='word_1_59' title='bbox 307 1295 368 1349; x_wconf 89' lang='lat' dir='ltr'><strong>Fol.</strong></span> <span class='ocrx_word' id='word_1_60' title='bbox 389 1295 432 1348; x_wconf 84' lang='lat'><strong>36¹</strong></span> <span class='ocrx_word' id='word_1_61' title='bbox 461 1295 485 1349; x_wconf 77' lang='lat' dir='ltr'><strong>d.</strong></span> <span class='ocrx_word' id='word_1_62' title='bbox 511 1301 571 1361; x_wconf 86' lang='grc'>222,</span> <span class='ocrx_word' id='word_1_63' title='bbox 598 1296 643 1350; x_wconf 76' lang='lat' dir='ltr'><strong>tel</strong></span> <span class='ocrx_word' id='word_1_64' title='bbox 663 1313 681 1348; x_wconf 91' lang='lat' dir='ltr'><strong>v</strong></span> <span class='ocrx_word' id='word_1_65' title='bbox 706 1299 747 1350; x_wconf 85' lang='lat' dir='ltr'><strong>rk.</strong></span> <span class='ocrx_word' id='word_1_66' title='bbox 770 1297 901 1366; x_wconf 86' lang='lat' dir='ltr'><strong>kapituly</strong></span> <span class='ocrx_word' id='word_1_67' title='bbox 927 1297 1050 1350; x_wconf 77' lang='lat' dir='ltr'><strong>Praiske</strong></span> <span class='ocrx_word' id='word_1_68' title='bbox 1075 1295 1149 1366; x_wconf 68' lang='lat'><strong>1⁴0⁵</strong></span> <span class='ocrx_word' id='word_1_69' title='bbox 1169 1298 1216 1352; x_wconf 86' lang='lat' dir='ltr'><strong>sol.</strong></span> <span class='ocrx_word' id='word_1_70' title='bbox 1243 1302 1302 1352; x_wconf 84' lang='grc'>263.</span> <span class='ocrx_word' id='word_1_71' title='bbox 1336 1297 1362 1352; x_wconf 96' lang='lat' dir='ltr'>O</span> <span class='ocrx_word' id='word_1_72' title='bbox 1389 1297 1644 1368; x_wconf 83' lang='lat' dir='ltr'><strong>chronologiclrdm</strong></span> 
     </span>
     <span class='ocr_line' id='line_1_9' title="bbox 199 1385 825 1440; baseline 0.002 -1"><span class='ocrx_word' id='word_1_73' title='bbox 199 1386 331 1440; x_wconf 88' lang='lat' dir='ltr'><strong>omezenl</strong></span> <span class='ocrx_word' id='word_1_74' title='bbox 350 1387 451 1440; x_wconf 85' lang='lat' dir='ltr'><strong>rokem</strong></span> <span class='ocrx_word' id='word_1_75' title='bbox 472 1390 541 1440; x_wconf 87' lang='lat'>1290</span> <span class='ocrx_word' id='word_1_76' title='bbox 560 1401 638 1440; x_wconf 87' lang='lat' dir='ltr'><strong>srov.</strong></span> <span class='ocrx_word' id='word_1_77' title='bbox 657 1388 737 1440; x_wconf 83' lang='lat' dir='ltr'><strong>dvod</strong></span> <span class='ocrx_word' id='word_1_78' title='bbox 757 1385 781 1438; x_wconf 96' lang='lat' dir='ltr'><strong>ll</strong></span> <span class='ocrx_word' id='word_1_79' title='bbox 801 1391 825 1440; x_wconf 88' lang='grc'><strong>3.</strong></span> 
     </span>
    </p>
   </div>
   <div class='ocr_carea' id='block_1_4' title="bbox 310 1639 1530 1847">
    <p class='ocr_par' dir='ltr' id='par_1_4' title="bbox 310 1639 1530 1847">
     <span class='ocr_line' id='line_1_10' title="bbox 885 1639 959 1701; baseline 0 0"><span class='ocrx_word' id='word_1_80' title='bbox 885 1639 959 1701; x_wconf 88' lang='grc'>223.</span> 
     </span>
     <span class='ocr_line' id='line_1_11' title="bbox 310 1763 1530 1847; baseline 0 -21"><span class='ocrx_word' id='word_1_81' title='bbox 310 1764 436 1846; x_wconf 67' lang='lat' dir='ltr'><strong>Bistup</strong></span> <span class='ocrx_word' id='word_1_82' title='bbox 466 1763 580 1826; x_wconf 63' lang='lat' dir='ltr'><strong>Tobiae</strong></span> <span class='ocrx_word' id='word_1_83' title='bbox 601 1765 769 1844; x_wconf 69' lang='lat' dir='ltr'><strong>schrialuje</strong></span> <span class='ocrx_word' id='word_1_84' title='bbox 793 1765 901 1844; x_wconf 69' lang='lat' dir='ltr'><strong>rimysl</strong></span> <span class='ocrx_word' id='word_1_85' title='bbox 911 1764 1067 1847; x_wconf 80' lang='lat' dir='ltr'><strong>jake&#39;lrosi</strong></span> <span class='ocrx_word' id='word_1_86' title='bbox 1088 1763 1237 1828; x_wconf 77' lang='lat' dir='ltr'><strong>ilecltlice</strong></span> <span class='ocrx_word' id='word_1_87' title='bbox 1260 1765 1381 1828; x_wconf 67' lang='lat' dir='ltr'><strong>zaloiit</strong></span> <span class='ocrx_word' id='word_1_88' title='bbox 1402 1765 1530 1827; x_wconf 71' lang='lat' dir='ltr'><strong>kldster.</strong></span> 
     </span>
    </p>
   </div>
   <div class='ocr_carea' id='block_1_5' title="bbox 224 1905 1620 2131">
    <p class='ocr_par' dir='ltr' id='par_1_5' title="bbox 224 1905 1620 2131">
     <span class='ocr_line' id='line_1_12' title="bbox 1252 1905 1537 1992; baseline 0.004 -24"><span class='ocrx_word' id='word_1_89' title='bbox 1252 1905 1537 1992; x_wconf 71' lang='lat'><strong>(1279-129012).</strong></span> 
     </span>
     <span class='ocr_line' id='line_1_13' title="bbox 224 2048 1620 2131; baseline -0.001 -19"><span class='ocrx_word' id='word_1_90' title='bbox 224 2049 414 2130; x_wconf 88' lang='lat' dir='ltr'><strong>Episcopus</strong></span> <span class='ocrx_word' id='word_1_91' title='bbox 439 2049 656 2112; x_wconf 88' lang='lat' dir='ltr'><strong>commendat</strong></span> <span class='ocrx_word' id='word_1_92' title='bbox 679 2050 833 2126; x_wconf 92' lang='lat' dir='ltr'><strong>nobilem,</strong></span> <span class='ocrx_word' id='word_1_93' title='bbox 857 2053 914 2131; x_wconf 93' lang='lat' dir='ltr'><strong>qui</strong></span> <span class='ocrx_word' id='word_1_94' title='bbox 931 2048 1072 2112; x_wconf 85' lang='lat' dir='ltr'><strong>fundare</strong></span> <span class='ocrx_word' id='word_1_95' title='bbox 1095 2049 1237 2112; x_wconf 91' lang='lat' dir='ltr'><strong>intendit</strong></span> <span class='ocrx_word' id='word_1_96' title='bbox 1261 2050 1399 2113; x_wconf 90' lang='lat' dir='ltr'><strong>domurn</strong></span> <span class='ocrx_word' id='word_1_97' title='bbox 1425 2049 1620 2131; x_wconf 83' lang='lat' dir='ltr'><strong>religiosam.</strong></span> 
     </span>
    </p>
   </div>
   <div class='ocr_carea' id='block_1_6' title="bbox 199 2188 1647 3758">
    <p class='ocr_par' dir='ltr' id='par_1_6' title="bbox 199 2188 1647 3758">
     <span class='ocr_line' id='line_1_14' title="bbox 307 2188 1644 2275; baseline -0.001 -19"><span class='ocrx_word' id='word_1_98' title='bbox 307 2188 506 2275; x_wconf 87' lang='lat' dir='ltr'><strong>Th(obias)b</strong></span> <span class='ocrx_word' id='word_1_99' title='bbox 530 2194 584 2255; x_wconf 92' lang='lat' dir='ltr'><strong>dei</strong></span> <span class='ocrx_word' id='word_1_100' title='bbox 621 2202 684 2254; x_wconf 90' lang='lat' dir='ltr'><strong>etc.</strong></span> <span class='ocrx_word' id='word_1_101' title='bbox 716 2193 819 2255; x_wconf 90' lang='lat' dir='ltr'><strong>nobili</strong></span> <span class='ocrx_word' id='word_1_102' title='bbox 855 2194 923 2255; x_wconf 90' lang='lat' dir='ltr'><strong>viro</strong></span> <span class='ocrx_word' id='word_1_103' title='bbox 956 2203 1017 2255; x_wconf 91' lang='lat' dir='ltr'><strong>etc.</strong></span> <span class='ocrx_word' id='word_1_104' title='bbox 1058 2190 1142 2255; x_wconf 93' lang='lat' dir='ltr'><strong>Cum</strong></span> <span class='ocrx_word' id='word_1_105' title='bbox 1178 2213 1221 2255; x_wconf 88' lang='lat' dir='ltr'><strong>ex</strong></span> <span class='ocrx_word' id='word_1_106' title='bbox 1260 2193 1461 2273; x_wconf 88' lang='lat' dir='ltr'><strong>quibusdam</strong></span> <span class='ocrx_word' id='word_1_107' title='bbox 1497 2193 1644 2255; x_wconf 88' lang='lat' dir='ltr'><strong>caritatis</strong></span> 
     </span>
     <span class='ocr_line' id='line_1_15' title="bbox 199 2299 1644 2382; baseline -0.001 -20"><span class='ocrx_word' id='word_1_108' title='bbox 199 2301 358 2380; x_wconf 91' lang='lat' dir='ltr'><strong>operibus</strong></span> <span class='ocrx_word' id='word_1_109' title='bbox 375 2311 408 2362; x_wconf 90' lang='lat' dir='ltr'><strong>et</strong></span> <span class='ocrx_word' id='word_1_110' title='bbox 424 2301 613 2380; x_wconf 88' lang='lat' dir='ltr'><strong>specialiter</strong></span> <span class='ocrx_word' id='word_1_111' title='bbox 629 2320 673 2362; x_wconf 88' lang='lat' dir='ltr'><strong>ex</strong></span> <span class='ocrx_word' id='word_1_112' title='bbox 690 2301 763 2376; x_wconf 82' lang='lat' dir='ltr'><strong>hoc,</strong></span> <span class='ocrx_word' id='word_1_113' title='bbox 789 2300 903 2380; x_wconf 84' lang='lat' dir='ltr'><strong>quodc</strong></span> <span class='ocrx_word' id='word_1_114' title='bbox 929 2299 970 2362; x_wconf 94' lang='lat' dir='ltr'><strong>ad</strong></span> <span class='ocrx_word' id='word_1_115' title='bbox 1003 2300 1195 2382; x_wconf 88' lang='lat' dir='ltr'><strong>augendum</strong></span> <span class='ocrx_word' id='word_1_116' title='bbox 1221 2301 1320 2363; x_wconf 91' lang='lat' dir='ltr'><strong>divini</strong></span> <span class='ocrx_word' id='word_1_117' title='bbox 1346 2303 1489 2363; x_wconf 89' lang='lat' dir='ltr'><strong>numinis</strong></span> <span class='ocrx_word' id='word_1_118' title='bbox 1518 2301 1644 2362; x_wconf 91' lang='lat' dir='ltr'><strong>cultum</strong></span> 
     </span>
     <span class='ocr_line' id='line_1_16' title="bbox 200 2405 1645 2490; baseline -0.001 -20"><span class='ocrx_word' id='word_1_119' title='bbox 200 2417 234 2470; x_wconf 94' lang='lat' dir='ltr'><strong>et</strong></span> <span class='ocrx_word' id='word_1_120' title='bbox 257 2405 445 2487; x_wconf 83' lang='lat' dir='ltr'><strong>proiectum</strong></span> <span class='ocrx_word' id='word_1_121' title='bbox 470 2408 585 2470; x_wconf 92' lang='lat' dir='ltr'><strong>salutis</strong></span> <span class='ocrx_word' id='word_1_122' title='bbox 609 2417 723 2470; x_wconf 92' lang='lat' dir='ltr'><strong>eterne</strong></span> <span class='ocrx_word' id='word_1_123' title='bbox 748 2407 975 2490; x_wconf 87' lang='lat' dir='ltr'><strong>religiosarum</strong></span> <span class='ocrx_word' id='word_1_124' title='bbox 1001 2408 1179 2470; x_wconf 88' lang='lat' dir='ltr'><strong>domorum</strong></span> <span class='ocrx_word' id='word_1_125' title='bbox 1204 2411 1247 2470; x_wconf 92' lang='lat' dir='ltr'><strong>sit</strong></span> <span class='ocrx_word' id='word_1_126' title='bbox 1270 2409 1427 2470; x_wconf 88' lang='lat' dir='ltr'><strong>lundacio</strong></span> <span class='ocrx_word' id='word_1_127' title='bbox 1452 2419 1484 2470; x_wconf 92' lang='lat' dir='ltr'><strong>et</strong></span> <span class='ocrx_word' id='word_1_128' title='bbox 1509 2408 1645 2470; x_wconf 92' lang='lat' dir='ltr'><strong>dotacio</strong></span> 
     </span>
     <span class='ocr_line' id='line_1_17' title="bbox 199 2515 1645 2595; baseline -0.001 -18"><span class='ocrx_word' id='word_1_129' title='bbox 199 2515 364 2594; x_wconf 83' lang='lat' dir='ltr'><strong>possibilis</strong></span> <span class='ocrx_word' id='word_1_130' title='bbox 384 2516 576 2590; x_wconf 89' lang='lat' dir='ltr'><strong>earundem,</strong></span> <span class='ocrx_word' id='word_1_131' title='bbox 598 2516 749 2592; x_wconf 89' lang='lat' dir='ltr'><strong>perpetui</strong></span> <span class='ocrx_word' id='word_1_132' title='bbox 777 2515 914 2578; x_wconf 92' lang='lat' dir='ltr'><strong>honoris</strong></span> <span class='ocrx_word' id='word_1_133' title='bbox 942 2524 975 2576; x_wconf 89' lang='lat' dir='ltr'><strong>et</strong></span> <span class='ocrx_word' id='word_1_134' title='bbox 1006 2515 1119 2578; x_wconf 89' lang='lat' dir='ltr'><strong>salutis</strong></span> <span class='ocrx_word' id='word_1_135' title='bbox 1133 2524 1225 2577; x_wconf 89' lang='lat' dir='ltr'><strong>certo</strong></span> <span class='ocrx_word' id='word_1_136' title='bbox 1248 2517 1375 2578; x_wconf 89' lang='lat' dir='ltr'><strong>cercius</strong></span> <span class='ocrx_word' id='word_1_137' title='bbox 1400 2518 1573 2595; x_wconf 85' lang='lat' dir='ltr'><strong>proveniat</strong></span> <span class='ocrx_word' id='word_1_138' title='bbox 1597 2515 1645 2575; x_wconf 94' lang='lat' dir='ltr'><strong>in·</strong></span> 
     </span>
     <span class='ocr_line' id='line_1_18' title="bbox 201 2622 1645 2704; baseline 0.001 -21"><span class='ocrx_word' id='word_1_139' title='bbox 201 2631 416 2698; x_wconf 88' lang='lat' dir='ltr'><strong>crementum,</strong></span> <span class='ocrx_word' id='word_1_140' title='bbox 433 2623 616 2685; x_wconf 87' lang='lat' dir='ltr'><strong>nobilitatis</strong></span> <span class='ocrx_word' id='word_1_141' title='bbox 635 2632 743 2684; x_wconf 89' lang='lat' dir='ltr'><strong>vestre</strong></span> <span class='ocrx_word' id='word_1_142' title='bbox 764 2622 1012 2704; x_wconf 89' lang='lat' dir='ltr'><strong>providenciam</strong></span> <span class='ocrx_word' id='word_1_143' title='bbox 1034 2625 1312 2700; x_wconf 88' lang='lat' dir='ltr'><strong>circumspectam</strong></span> <span class='ocrx_word' id='word_1_144' title='bbox 1329 2627 1362 2686; x_wconf 93' lang='lat' dir='ltr'><strong>in</strong></span> <span class='ocrx_word' id='word_1_145' title='bbox 1380 2623 1453 2699; x_wconf 90' lang='lat' dir='ltr'><strong>hoc,</strong></span> <span class='ocrx_word' id='word_1_146' title='bbox 1470 2623 1560 2703; x_wconf 92' lang='lat' dir='ltr'><strong>quod</strong></span> <span class='ocrx_word' id='word_1_147' title='bbox 1579 2623 1645 2685; x_wconf 93' lang='lat' dir='ltr'><strong>in..</strong></span> 
     </span>
     <span class='ocr_line' id='line_1_19' title="bbox 202 2729 1645 2812; baseline -0.001 -20"><span class='ocrx_word' id='word_1_148' title='bbox 202 2731 412 2808; x_wconf 90' lang='lat' dir='ltr'><strong>possessione</strong></span> <span class='ocrx_word' id='word_1_149' title='bbox 436 2739 469 2791; x_wconf 93' lang='lat' dir='ltr'><strong>et</strong></span> <span class='ocrx_word' id='word_1_150' title='bbox 494 2729 678 2792; x_wconf 88' lang='lat' dir='ltr'><strong>hereditate</strong></span> <span class='ocrx_word' id='word_1_151' title='bbox 702 2741 811 2792; x_wconf 90' lang='lat' dir='ltr'><strong>vestra</strong></span> <span class='ocrx_word' id='word_1_152' title='bbox 837 2729 1025 2812; x_wconf 83' lang='lat' dir='ltr'><strong>religiosam</strong></span> <span class='ocrx_word' id='word_1_153' title='bbox 1049 2729 1188 2792; x_wconf 94' lang='lat' dir='ltr'><strong>domum</strong></span> <span class='ocrx_word' id='word_1_154' title='bbox 1213 2731 1338 2792; x_wconf 91' lang='lat' dir='ltr'><strong>ordinis</strong></span> <span class='ocrx_word' id='word_1_155' title='bbox 1363 2731 1537 2792; x_wconf 91' lang='lat' dir='ltr'><strong>beatorum</strong></span> <span class='ocrx_word' id='word_1_156' title='bbox 1562 2749 1645 2790; x_wconf 93' lang='lat' dir='ltr'><strong>mar·</strong></span> 
     </span>
     <span class='ocr_line' id='line_1_20' title="bbox 201 2838 1645 2916; baseline 0.001 -18"><span class='ocrx_word' id='word_1_157' title='bbox 201 2847 310 2916; x_wconf 89' lang='lat' dir='ltr'><strong>tyrum</strong></span> <span class='ocrx_word' id='word_1_158' title='bbox 344 2856 405 2915; x_wconf 93' lang='lat' dir='ltr'><strong>pro</strong></span> <span class='ocrx_word' id='word_1_159' title='bbox 437 2847 547 2899; x_wconf 90' lang='lat' dir='ltr'><strong>vestro</strong></span> <span class='ocrx_word' id='word_1_160' title='bbox 580 2846 613 2900; x_wconf 90' lang='lat' dir='ltr'><strong>et</strong></span> <span class='ocrx_word' id='word_1_161' title='bbox 647 2845 831 2899; x_wconf 87' lang='lat' dir='ltr'><strong>vestrorum</strong></span> <span class='ocrx_word' id='word_1_162' title='bbox 864 2838 1140 2915; x_wconf 89' lang='lat' dir='ltr'><strong>predecessorum</strong></span> <span class='ocrx_word' id='word_1_163' title='bbox 1174 2838 1322 2900; x_wconf 93' lang='lat' dir='ltr'><strong>remedio</strong></span> <span class='ocrx_word' id='word_1_164' title='bbox 1356 2848 1570 2916; x_wconf 89' lang='lat' dir='ltr'><strong>peccatorum</strong></span> <span class='ocrx_word' id='word_1_165' title='bbox 1602 2838 1645 2899; x_wconf 92' lang='lat' dir='ltr'><strong>ad</strong></span> 
     </span>
     <span class='ocr_line' id='line_1_21' title="bbox 202 2943 1646 3026; baseline -0.001 -19"><span class='ocrx_word' id='word_1_166' title='bbox 202 2945 364 3007; x_wconf 87' lang='lat' dir='ltr'><strong>honorem</strong></span> <span class='ocrx_word' id='word_1_167' title='bbox 396 2945 451 3008; x_wconf 89' lang='lat' dir='ltr'><strong>dei</strong></span> <span class='ocrx_word' id='word_1_168' title='bbox 483 2955 516 3006; x_wconf 90' lang='lat' dir='ltr'><strong>et</strong></span> <span class='ocrx_word' id='word_1_169' title='bbox 547 2955 740 3007; x_wconf 90' lang='lat' dir='ltr'><strong>sanctorum</strong></span> <span class='ocrx_word' id='word_1_170' title='bbox 772 2946 843 3007; x_wconf 91' lang='lat' dir='ltr'><strong>eius</strong></span> <span class='ocrx_word' id='word_1_171' title='bbox 875 2945 986 3007; x_wconf 89' lang='lat' dir='ltr'><strong>locare</strong></span> <span class='ocrx_word' id='word_1_172' title='bbox 1018 2945 1186 3007; x_wconf 88' lang='lat' dir='ltr'><strong>intenditis</strong></span> <span class='ocrx_word' id='word_1_173' title='bbox 1222 2955 1255 3006; x_wconf 92' lang='lat' dir='ltr'><strong>et</strong></span> <span class='ocrx_word' id='word_1_174' title='bbox 1291 2943 1440 3022; x_wconf 84' lang='lat' dir='ltr'><strong>fundare,</strong></span> <span class='ocrx_word' id='word_1_175' title='bbox 1473 2945 1582 3026; x_wconf 87' lang='lat' dir='ltr'><strong>dignis</strong></span> <span class='ocrx_word' id='word_1_176' title='bbox 1614 2947 1646 3006; x_wconf 94' lang='lat' dir='ltr'><strong>in</strong></span> 
     </span>
     <span class='ocr_line' id='line_1_22' title="bbox 202 3051 1645 3133; baseline 0 -19"><span class='ocrx_word' id='word_1_177' title='bbox 202 3051 338 3114; x_wconf 93' lang='lat' dir='ltr'><strong>domino</strong></span> <span class='ocrx_word' id='word_1_178' title='bbox 371 3051 526 3114; x_wconf 90' lang='lat' dir='ltr'><strong>laudibus</strong></span> <span class='ocrx_word' id='word_1_179' title='bbox 559 3053 844 3126; x_wconf 91' lang='lat' dir='ltr'><strong>commendantes,</strong></span> <span class='ocrx_word' id='word_1_180' title='bbox 869 3051 1056 3133; x_wconf 87' lang='lat' dir='ltr'><strong>graciarum</strong></span> <span class='ocrx_word' id='word_1_181' title='bbox 1088 3051 1183 3112; x_wconf 90' lang='lat' dir='ltr'><strong>vobis</strong></span> <span class='ocrx_word' id='word_1_182' title='bbox 1215 3070 1435 3131; x_wconf 90' lang='lat' dir='ltr'><strong>quascunque</strong></span> <span class='ocrx_word' id='word_1_183' title='bbox 1468 3070 1645 3130; x_wconf 92' lang='lat' dir='ltr'><strong>possumus</strong></span> 
     </span>
     <span class='ocr_line' id='line_1_23' title="bbox 202 3157 1646 3238; baseline -0.001 -17"><span class='ocrx_word' id='word_1_184' title='bbox 202 3159 372 3222; x_wconf 80' lang='lat' dir='ltr'><strong>referimus</strong></span> <span class='ocrx_word' id='word_1_185' title='bbox 397 3161 516 3222; x_wconf 87' lang='lat' dir='ltr'><strong>uberes</strong></span> <span class='ocrx_word' id='word_1_186' title='bbox 541 3159 696 3221; x_wconf 90' lang='lat' dir='ltr'><strong>acciones</strong></span> <span class='ocrx_word' id='word_1_187' title='bbox 713 3169 745 3221; x_wconf 93' lang='lat' dir='ltr'><strong>et</strong></span> <span class='ocrx_word' id='word_1_188' title='bbox 762 3160 905 3238; x_wconf 91' lang='lat' dir='ltr'><strong>petimus</strong></span> <span class='ocrx_word' id='word_1_189' title='bbox 925 3157 1143 3232; x_wconf 83' lang='lat' dir='ltr'><strong>confidenter,</strong></span> <span class='ocrx_word' id='word_1_190' title='bbox 1164 3166 1329 3238; x_wconf 91' lang='lat' dir='ltr'><strong>quatenus</strong></span> <span class='ocrx_word' id='word_1_191' title='bbox 1349 3159 1439 3237; x_wconf 93' lang='lat' dir='ltr'><strong>pium</strong></span> <span class='ocrx_word' id='word_1_192' title='bbox 1461 3167 1495 3220; x_wconf 93' lang='lat' dir='ltr'><strong>et</strong></span> <span class='ocrx_word' id='word_1_193' title='bbox 1514 3159 1646 3221; x_wconf 90' lang='lat' dir='ltr'><strong>salubre</strong></span> 
     </span>
     <span class='ocr_line' id='line_1_24' title="bbox 203 3265 1647 3348; baseline -0.001 -20"><span class='ocrx_word' id='word_1_194' title='bbox 203 3267 411 3346; x_wconf 89' lang='lat' dir='ltr'><strong>propositum</strong></span> <span class='ocrx_word' id='word_1_195' title='bbox 443 3277 587 3329; x_wconf 89' lang='lat' dir='ltr'><strong>vestrum</strong></span> <span class='ocrx_word' id='word_1_196' title='bbox 619 3267 651 3328; x_wconf 95' lang='lat' dir='ltr'><strong>in</strong></span> <span class='ocrx_word' id='word_1_197' title='bbox 684 3267 745 3328; x_wconf 90' lang='lat' dir='ltr'><strong>hac</strong></span> <span class='ocrx_word' id='word_1_198' title='bbox 782 3275 876 3345; x_wconf 88' lang='lat' dir='ltr'><strong>parte</strong></span> <span class='ocrx_word' id='word_1_199' title='bbox 908 3265 1042 3328; x_wconf 86' lang='lat' dir='ltr'><strong>effectui</strong></span> <span class='ocrx_word' id='word_1_200' title='bbox 1078 3266 1195 3328; x_wconf 89' lang='lat' dir='ltr'><strong>debito</strong></span> <span class='ocrx_word' id='word_1_201' title='bbox 1231 3265 1413 3348; x_wconf 88' lang='lat' dir='ltr'><strong>dignemini</strong></span> <span class='ocrx_word' id='word_1_202' title='bbox 1446 3269 1647 3345; x_wconf 90' lang='lat' dir='ltr'><strong>mancipare,</strong></span> 
     </span>
     <span class='ocr_line' id='line_1_25' title="bbox 202 3371 1647 3456; baseline 0 -20"><span class='ocrx_word' id='word_1_203' title='bbox 202 3377 354 3448; x_wconf 90' lang='lat' dir='ltr'><strong>scientes,</strong></span> <span class='ocrx_word' id='word_1_204' title='bbox 379 3375 471 3454; x_wconf 93' lang='lat' dir='ltr'><strong>quod</strong></span> <span class='ocrx_word' id='word_1_205' title='bbox 496 3393 558 3435; x_wconf 92' lang='lat' dir='ltr'><strong>nos</strong></span> <span class='ocrx_word' id='word_1_206' title='bbox 582 3382 615 3435; x_wconf 92' lang='lat' dir='ltr'><strong>et</strong></span> <span class='ocrx_word' id='word_1_207' title='bbox 639 3371 756 3435; x_wconf 84' lang='lat' dir='ltr'><strong>iratres</strong></span> <span class='ocrx_word' id='word_1_208' title='bbox 788 3373 928 3452; x_wconf 93' lang='lat' dir='ltr'><strong>predicti</strong></span> <span class='ocrx_word' id='word_1_209' title='bbox 961 3391 1078 3436; x_wconf 89' lang='lat' dir='ltr'><strong>omnes</strong></span> <span class='ocrx_word' id='word_1_210' title='bbox 1102 3381 1136 3434; x_wconf 91' lang='lat' dir='ltr'><strong>et</strong></span> <span class='ocrx_word' id='word_1_211' title='bbox 1158 3372 1275 3456; x_wconf 85' lang='lat' dir='ltr'><strong>singuli</strong></span> <span class='ocrx_word' id='word_1_212' title='bbox 1307 3376 1435 3435; x_wconf 93' lang='lat' dir='ltr'><strong>cunctis</strong></span> <span class='ocrx_word' id='word_1_213' title='bbox 1466 3374 1647 3436; x_wconf 89' lang='lat' dir='ltr'><strong>nobilitatis</strong></span> 
     </span>
     <span class='ocr_line' id='line_1_26' title="bbox 202 3481 1646 3561; baseline 0 -20"><span class='ocrx_word' id='word_1_214' title='bbox 202 3493 308 3543; x_wconf 89' lang='lat' dir='ltr'><strong>vestre</strong></span> <span class='ocrx_word' id='word_1_215' title='bbox 344 3481 560 3560; x_wconf 90' lang='lat' dir='ltr'><strong>beneplacitis</strong></span> <span class='ocrx_word' id='word_1_216' title='bbox 595 3500 631 3541; x_wconf 89' lang='lat' dir='ltr'><strong>se</strong></span> <span class='ocrx_word' id='word_1_217' title='bbox 666 3481 814 3561; x_wconf 92' lang='lat' dir='ltr'><strong>quolibet</strong></span> <span class='ocrx_word' id='word_1_218' title='bbox 849 3491 1003 3558; x_wconf 89' lang='lat' dir='ltr'><strong>tempore</strong></span> <span class='ocrx_word' id='word_1_219' title='bbox 1038 3481 1256 3559; x_wconf 90' lang='lat' dir='ltr'><strong>coaptabunt,</strong></span> <span class='ocrx_word' id='word_1_220' title='bbox 1281 3483 1479 3543; x_wconf 91' lang='lat' dir='ltr'><strong>oracionum</strong></span> <span class='ocrx_word' id='word_1_221' title='bbox 1514 3500 1646 3542; x_wconf 88' lang='lat' dir='ltr'><strong>suarum</strong></span> 
     </span>
     <span class='ocr_line' id='line_1_27' title="bbox 202 3581 1646 3669; baseline 0.001 -21"><span class='ocrx_word' id='word_1_222' title='bbox 202 3587 348 3650; x_wconf 90' lang='lat' dir='ltr'><strong>remedia</strong></span> <span class='ocrx_word' id='word_1_223' title='bbox 384 3609 445 3667; x_wconf 93' lang='lat' dir='ltr'><strong>pro</strong></span> <span class='ocrx_word' id='word_1_224' title='bbox 479 3588 574 3650; x_wconf 92' lang='lat' dir='ltr'><strong>vobis</strong></span> <span class='ocrx_word' id='word_1_225' title='bbox 605 3599 638 3649; x_wconf 90' lang='lat' dir='ltr'><strong>et</strong></span> <span class='ocrx_word' id='word_1_226' title='bbox 669 3581 810 3650; x_wconf 87' lang='lat' dir='ltr'><strong>vestrisd</strong></span> <span class='ocrx_word' id='word_1_227' title='bbox 835 3588 953 3669; x_wconf 89' lang='lat' dir='ltr'><strong>iugiter</strong></span> <span class='ocrx_word' id='word_1_228' title='bbox 985 3586 1196 3648; x_wconf 88' lang='lat' dir='ltr'><strong>exsolventes</strong></span> <span class='ocrx_word' id='word_1_229' title='bbox 1228 3585 1269 3648; x_wconf 92' lang='lat' dir='ltr'><strong>ad</strong></span> <span class='ocrx_word' id='word_1_230' title='bbox 1303 3588 1416 3649; x_wconf 90' lang='lat' dir='ltr'><strong>salutis</strong></span> <span class='ocrx_word' id='word_1_231' title='bbox 1452 3585 1646 3667; x_wconf 82' lang='lat' dir='ltr'><strong>profectum,</strong></span> 
     </span>
     <span class='ocr_line' id='line_1_28' title="bbox 202 3695 1119 3758; baseline -0.003 -1"><span class='ocrx_word' id='word_1_232' title='bbox 202 3698 385 3758; x_wconf 89' lang='lat' dir='ltr'><strong>animarum</strong></span> <span class='ocrx_word' id='word_1_233' title='bbox 411 3697 626 3757; x_wconf 92' lang='lat' dir='ltr'><strong>commodum</strong></span> <span class='ocrx_word' id='word_1_234' title='bbox 651 3705 685 3757; x_wconf 92' lang='lat' dir='ltr'><strong>et</strong></span> <span class='ocrx_word' id='word_1_235' title='bbox 710 3695 881 3757; x_wconf 92' lang='lat' dir='ltr'><strong>honorem.</strong></span> <span class='ocrx_word' id='word_1_236' title='bbox 907 3695 1031 3757; x_wconf 90' lang='lat' dir='ltr'><strong>Datum</strong></span> <span class='ocrx_word' id='word_1_237' title='bbox 1057 3703 1119 3757; x_wconf 91' lang='lat' dir='ltr'><strong>etc.</strong></span> 
     </span>
    </p>
   </div>
   <div class='ocr_carea' id='block_1_7' title="bbox 202 3832 1646 3978">
    <p class='ocr_par' dir='ltr' id='par_1_7' title="bbox 202 3832 1646 3978">
     <span class='ocr_line' id='line_1_29' title="bbox 307 3832 1646 3904; baseline -0.001 -16"><span class='ocrx_word' id='word_1_238' title='bbox 307 3834 331 3888; x_wconf 85' lang='lat' dir='ltr'>F</span> <span class='ocrx_word' id='word_1_239' title='bbox 333 3835 369 3887; x_wconf 93' lang='lat' dir='ltr'><strong>ol.</strong></span> <span class='ocrx_word' id='word_1_240' title='bbox 389 3839 422 3886; x_wconf 87' lang='grc'><strong>37</strong></span> <span class='ocrx_word' id='word_1_241' title='bbox 443 3833 467 3889; x_wconf 78' lang='grc' dir='ltr'><strong>ὂ.</strong></span> <span class='ocrx_word' id='word_1_242' title='bbox 487 3839 547 3894; x_wconf 82' lang='grc'>223,</span> <span class='ocrx_word' id='word_1_243' title='bbox 567 3835 612 3888; x_wconf 76' lang='lat' dir='ltr'><strong>tei</strong></span> <span class='ocrx_word' id='word_1_244' title='bbox 632 3851 649 3886; x_wconf 93' lang='lat' dir='ltr'><strong>v</strong></span> <span class='ocrx_word' id='word_1_245' title='bbox 663 3833 800 3902; x_wconf 89' lang='lat' dir='ltr'><strong>rukopise</strong></span> <span class='ocrx_word' id='word_1_246' title='bbox 819 3834 947 3904; x_wconf 83' lang='lat' dir='ltr'><strong>kapituly</strong></span> <span class='ocrx_word' id='word_1_247' title='bbox 963 3833 1086 3888; x_wconf 76' lang='lat' dir='ltr'><strong>Prarske</strong></span> <span class='ocrx_word' id='word_1_248' title='bbox 1099 3835 1113 3904; x_wconf 89' lang='lat' dir='ltr'>J</span> <span class='ocrx_word' id='word_1_249' title='bbox 1127 3832 1174 3886; x_wconf 76' lang='lat' dir='ltr'><strong>40b</strong></span> <span class='ocrx_word' id='word_1_250' title='bbox 1193 3833 1239 3886; x_wconf 86' lang='lat' dir='ltr'><strong>sol.</strong></span> <span class='ocrx_word' id='word_1_251' title='bbox 1256 3832 1325 3887; x_wconf 84' lang='lat'><strong>264¹.</strong></span> <span class='ocrx_word' id='word_1_252' title='bbox 1347 3833 1373 3887; x_wconf 93' lang='grc' dir='ltr'>Ο</span> <span class='ocrx_word' id='word_1_253' title='bbox 1387 3834 1646 3904; x_wconf 79' lang='lat' dir='ltr'><strong>chronologiclrem</strong></span> 
     </span>
     <span class='ocr_line' id='line_1_30' title="bbox 202 3923 826 3978; baseline 0.003 -2"><span class='ocrx_word' id='word_1_254' title='bbox 202 3925 333 3977; x_wconf 87' lang='lat' dir='ltr'><strong>omezeni</strong></span> <span class='ocrx_word' id='word_1_255' title='bbox 353 3927 452 3978; x_wconf 82' lang='lat' dir='ltr'><strong>rolrcm</strong></span> <span class='ocrx_word' id='word_1_256' title='bbox 473 3929 542 3978; x_wconf 81' lang='lat'>1290</span> <span class='ocrx_word' id='word_1_257' title='bbox 562 3939 628 3976; x_wconf 87' lang='lat' dir='ltr'><strong>srov</strong></span> <span class='ocrx_word' id='word_1_258' title='bbox 658 3924 736 3977; x_wconf 79' lang='lat' dir='ltr'><strong>tivod</strong></span> <span class='ocrx_word' id='word_1_259' title='bbox 757 3923 826 3978; x_wconf 81' lang='lat'>11³.</span> 
     </span>
    </p>
   </div>
   <div class='ocr_carea' id='block_1_8' title="bbox 203 4175 1645 4540">
    <p class='ocr_par' dir='ltr' id='par_1_8' title="bbox 203 4175 1645 4540">
     <span class='ocr_line' id='line_1_31' title="bbox 888 4175 962 4237; baseline 0.014 -1"><span class='ocrx_word' id='word_1_260' title='bbox 888 4175 962 4237; x_wconf 87' lang='grc'>224.</span> 
     </span>
     <span class='ocr_line' id='line_1_32' title="bbox 203 4317 1645 4402; baseline -0.002 -18"><span class='ocrx_word' id='word_1_261' title='bbox 203 4320 327 4402; x_wconf 81' lang='lat' dir='ltr'><strong>Biskup</strong></span> <span class='ocrx_word' id='word_1_262' title='bbox 353 4319 383 4384; x_wconf 83' lang='grc' dir='ltr'><em>Τ</em></span> <span class='ocrx_word' id='word_1_263' title='bbox 379 4319 470 4382; x_wconf 67' lang='lat' dir='ltr'><strong>obrui</strong></span> <span class='ocrx_word' id='word_1_264' title='bbox 490 4319 577 4380; x_wconf 65' lang='lat' dir='ltr'><strong>sudat</strong></span> <span class='ocrx_word' id='word_1_265' title='bbox 601 4329 703 4398; x_wconf 75' lang='lat' dir='ltr'><strong>opatu,</strong></span> <span class='ocrx_word' id='word_1_266' title='bbox 729 4319 789 4400; x_wconf 80' lang='lat' dir='ltr'><strong>nby</strong></span> <span class='ocrx_word' id='word_1_267' title='bbox 813 4317 958 4400; x_wconf 78' lang='lat' dir='ltr'><strong>adpustil</strong></span> <span class='ocrx_word' id='word_1_268' title='bbox 979 4317 1140 4380; x_wconf 75' lang='lat' dir='ltr'><strong>mnichovi</strong></span> <span class='ocrx_word' id='word_1_269' title='bbox 1161 4340 1180 4376; x_wconf 91' lang='lat' dir='ltr'><strong>a</strong></span> <span class='ocrx_word' id='word_1_270' title='bbox 1196 4319 1252 4400; x_wconf 82' lang='lat' dir='ltr'><strong>jej</strong></span> <span class='ocrx_word' id='word_1_271' title='bbox 1271 4319 1342 4396; x_wconf 60' lang='lat' dir='ltr'><strong>aptit</strong></span> <span class='ocrx_word' id='word_1_272' title='bbox 1359 4317 1469 4400; x_wconf 70' lang='lat' dir='ltr'><strong>prb&#39;jal</strong></span> <span class='ocrx_word' id='word_1_273' title='bbox 1489 4317 1530 4379; x_wconf 86' lang='lat' dir='ltr'><strong>do</strong></span> <span class='ocrx_word' id='word_1_274' title='bbox 1553 4318 1645 4381; x_wconf 61' lang='lat' dir='ltr'><strong>rddu.</strong></span> 
     </span>
     <span class='ocr_line' id='line_1_33' title="bbox 1228 4458 1542 4540; baseline -0.003 -18"><span class='ocrx_word' id='word_1_275' title='bbox 1228 4458 1336 4540; x_wconf 78' lang='lat'><em>(1279</em></span> <span class='ocrx_word' id='word_1_276' title='bbox 1350 4495 1391 4503; x_wconf 91' lang='lat'><em>-</em></span> <span class='ocrx_word' id='word_1_277' title='bbox 1410 4459 1542 4540; x_wconf 64' lang='grc'><strong>12909).</strong></span> 
     </span>
    </p>
   </div>
   <div class='ocr_carea' id='block_1_9' title="bbox 307 4606 1549 4776">
    <p class='ocr_par' dir='ltr' id='par_1_9' title="bbox 307 4606 1549 4776">
     <span class='ocr_line' id='line_1_34' title="bbox 307 4606 1549 4688; baseline -0.003 -19"><span class='ocrx_word' id='word_1_278' title='bbox 307 4607 497 4686; x_wconf 92' lang='lat' dir='ltr'><strong>Episcopus</strong></span> <span class='ocrx_word' id='word_1_279' title='bbox 522 4614 617 4688; x_wconf 90' lang='lat' dir='ltr'><strong>rogat</strong></span> <span class='ocrx_word' id='word_1_280' title='bbox 641 4607 807 4682; x_wconf 82' lang='lat' dir='ltr'><strong>abbatem,</strong></span> <span class='ocrx_word' id='word_1_281' title='bbox 833 4614 870 4667; x_wconf 91' lang='lat' dir='ltr'><strong>ut</strong></span> <span class='ocrx_word' id='word_1_282' title='bbox 893 4606 1094 4668; x_wconf 88' lang='lat' dir='ltr'><strong>monachum</strong></span> <span class='ocrx_word' id='word_1_283' title='bbox 1119 4625 1215 4667; x_wconf 92' lang='lat' dir='ltr'><strong>suum</strong></span> <span class='ocrx_word' id='word_1_284' title='bbox 1240 4608 1360 4666; x_wconf 86' lang='lat' dir='ltr'><strong>iterato</strong></span> <span class='ocrx_word' id='word_1_285' title='bbox 1385 4607 1549 4684; x_wconf 90' lang='lat' dir='ltr'><strong>reciperet</strong></span> 
     </span>
     <span class='ocr_line' id='line_1_35' title="bbox 683 4715 1171 4776; baseline -0.002 -1"><span class='ocrx_word' id='word_1_286' title='bbox 683 4717 714 4776; x_wconf 94' lang='lat' dir='ltr'><strong>in</strong></span> <span class='ocrx_word' id='word_1_287' title='bbox 741 4715 953 4776; x_wconf 91' lang='lat' dir='ltr'><strong>consorcium</strong></span> <span class='ocrx_word' id='word_1_288' title='bbox 979 4722 1171 4774; x_wconf 89' lang='lat' dir='ltr'><strong>conventus.</strong></span> 
     </span>
    </p>
   </div>
   <div class='ocr_carea' id='block_1_10' title="bbox 203 4849 1649 5045">
    <p class='ocr_par' dir='ltr' id='par_1_10' title="bbox 203 4849 1649 5045">
     <span class='ocr_line' id='line_1_36' title="bbox 310 4849 1649 4937; baseline -0.003 -19"><span class='ocrx_word' id='word_1_289' title='bbox 310 4850 506 4937; x_wconf 72' lang='lat' dir='ltr'><strong>Th(obias)⁰</strong></span> <span class='ocrx_word' id='word_1_290' title='bbox 548 4855 601 4917; x_wconf 90' lang='lat' dir='ltr'><strong>dei</strong></span> <span class='ocrx_word' id='word_1_291' title='bbox 647 4863 708 4916; x_wconf 92' lang='lat' dir='ltr'><strong>etc.</strong></span> <span class='ocrx_word' id='word_1_292' title='bbox 758 4855 946 4917; x_wconf 91' lang='lat' dir='ltr'><strong>honorabili</strong></span> <span class='ocrx_word' id='word_1_293' title='bbox 992 4849 1084 4917; x_wconf 82' lang='lat' dir='ltr'><strong>viros</strong></span> <span class='ocrx_word' id='word_1_294' title='bbox 1132 4865 1194 4916; x_wconf 93' lang='lat' dir='ltr'><strong>etc.</strong></span> <span class='ocrx_word' id='word_1_295' title='bbox 1243 4855 1388 4916; x_wconf 86' lang='lat' dir='ltr'><strong>Petimus</strong></span> <span class='ocrx_word' id='word_1_296' title='bbox 1436 4855 1649 4931; x_wconf 84' lang='lat' dir='ltr'><strong>confidenter,</strong></span> 
     </span>
     <span class='ocr_line' id='line_1_37' title="bbox 203 4959 1648 5045; baseline -0.003 -19"><span class='ocrx_word' id='word_1_297' title='bbox 203 4972 368 5045; x_wconf 89' lang='lat' dir='ltr'><strong>quatenus</strong></span> <span class='ocrx_word' id='word_1_298' title='bbox 393 4959 526 5025; x_wconf 78' lang='lat' dir='ltr'><strong>fratrem</strong></span> <span class='ocrx_word' id='word_1_299' title='bbox 549 4969 596 5022; x_wconf 75' lang='lat'><strong>..⁸</strong></span> <span class='ocrx_word' id='word_1_300' title='bbox 620 4963 821 5025; x_wconf 90' lang='lat' dir='ltr'><strong>monachum</strong></span> <span class='ocrx_word' id='word_1_301' title='bbox 842 4971 950 5024; x_wconf 90' lang='lat' dir='ltr'><strong>vestre</strong></span> <span class='ocrx_word' id='word_1_302' title='bbox 975 4963 1105 5037; x_wconf 87' lang='lat' dir='ltr'><strong>domus,</strong></span> <span class='ocrx_word' id='word_1_303' title='bbox 1126 4962 1350 5024; x_wconf 88' lang='lat' dir='ltr'><strong>exhibitorem</strong></span> <span class='ocrx_word' id='word_1_304' title='bbox 1376 4963 1595 5041; x_wconf 87' lang='lat' dir='ltr'><strong>presencium,</strong></span> <span class='ocrx_word' id='word_1_305' title='bbox 1615 4962 1648 5022; x_wconf 95' lang='lat' dir='ltr'><strong>in</strong></span> 
     </span>
    </p>
   </div>
   <div class='ocr_carea' id='block_1_11' title="bbox 203 5141 1647 5314">
    <p class='ocr_par' dir='ltr' id='par_1_11' title="bbox 203 5141 1647 5314">
     <span class='ocr_line' id='line_1_38' title="bbox 310 5141 1647 5225; baseline -0.002 -16"><span class='ocrx_word' id='word_1_306' title='bbox 310 5155 337 5224; x_wconf 89' lang='lat' dir='ltr'><strong>a)</strong></span> <span class='ocrx_word' id='word_1_307' title='bbox 356 5155 397 5219; x_wconf 88' lang='lat' dir='ltr'><strong>,C‘</strong></span> <span class='ocrx_word' id='word_1_308' title='bbox 417 5155 489 5222; x_wconf 90' lang='lat' dir='ltr'><strong>Kap.</strong></span> <span class='ocrx_word' id='word_1_309' title='bbox 508 5153 530 5223; x_wconf 91' lang='lat' dir='ltr'><strong>J.</strong></span> <span class='ocrx_word' id='word_1_310' title='bbox 557 5182 589 5194; x_wconf 92' lang='lat'>-</span> <span class='ocrx_word' id='word_1_311' title='bbox 610 5152 640 5222; x_wconf 92' lang='lat' dir='ltr'><strong>b)</strong></span> <span class='ocrx_word' id='word_1_312' title='bbox 659 5155 719 5224; x_wconf 85' lang='lat' dir='ltr'><strong>,Jo.‘</strong></span> <span class='ocrx_word' id='word_1_313' title='bbox 740 5155 811 5222; x_wconf 89' lang='lat' dir='ltr'><strong>Kap.</strong></span> <span class='ocrx_word' id='word_1_314' title='bbox 831 5155 854 5224; x_wconf 91' lang='lat' dir='ltr'><strong>J.</strong></span> <span class='ocrx_word' id='word_1_315' title='bbox 880 5183 914 5194; x_wconf 93' lang='lat'><em>-</em></span> <span class='ocrx_word' id='word_1_316' title='bbox 937 5155 964 5220; x_wconf 92' lang='lat' dir='ltr'><strong>c)</strong></span> <span class='ocrx_word' id='word_1_317' title='bbox 978 5141 1035 5225; x_wconf 58' lang='lat' dir='ltr'><strong>,dn‘</strong></span> <span class='ocrx_word' id='word_1_318' title='bbox 1054 5155 1093 5207; x_wconf 94' lang='lat' dir='ltr'><strong>ln.</strong></span> <span class='ocrx_word' id='word_1_319' title='bbox 1118 5183 1151 5192; x_wconf 99' lang='lat'>-</span> <span class='ocrx_word' id='word_1_320' title='bbox 1178 5157 1207 5218; x_wconf 79' lang='lat' dir='ltr'><strong>dl</strong></span> <span class='ocrx_word' id='word_1_321' title='bbox 1228 5157 1341 5218; x_wconf 86' lang='lat' dir='ltr'><strong>‚vestris</strong></span> <span class='ocrx_word' id='word_1_322' title='bbox 1360 5156 1469 5207; x_wconf 75' lang='lat' dir='ltr'><strong>amicis·</strong></span> <span class='ocrx_word' id='word_1_323' title='bbox 1490 5153 1560 5221; x_wconf 79' lang='lat' dir='ltr'><strong>liap.</strong></span> <span class='ocrx_word' id='word_1_324' title='bbox 1572 5153 1594 5221; x_wconf 91' lang='lat' dir='ltr'><strong>J.</strong></span> <span class='ocrx_word' id='word_1_325' title='bbox 1615 5183 1647 5192; x_wconf 95' lang='lat'><em>-</em></span> 
     </span>
     <span class='ocr_line' id='line_1_39' title="bbox 203 5241 1533 5314; baseline -0.003 -14"><span class='ocrx_word' id='word_1_326' title='bbox 203 5249 232 5312; x_wconf 88' lang='lat' dir='ltr'><strong>e)</strong></span> <span class='ocrx_word' id='word_1_327' title='bbox 246 5245 303 5313; x_wconf 83' lang='lat' dir='ltr'><strong>‚Jo‘</strong></span> <span class='ocrx_word' id='word_1_328' title='bbox 325 5243 395 5312; x_wconf 88' lang='lat' dir='ltr'><strong>Kap.</strong></span> <span class='ocrx_word' id='word_1_329' title='bbox 407 5243 429 5312; x_wconf 86' lang='lat' dir='ltr'><strong>J.</strong></span> <span class='ocrx_word' id='word_1_330' title='bbox 446 5273 474 5282; x_wconf 94' lang='lat'>—</span> <span class='ocrx_word' id='word_1_331' title='bbox 492 5243 513 5312; x_wconf 84' lang='lat' dir='ltr'><strong>l)</strong></span> <span class='ocrx_word' id='word_1_332' title='bbox 529 5244 764 5306; x_wconf 88' lang='lat' dir='ltr'><strong>,honorabilibus‘</strong></span> <span class='ocrx_word' id='word_1_333' title='bbox 784 5243 833 5308; x_wconf 87' lang='lat' dir='ltr'><strong>In,</strong></span> <span class='ocrx_word' id='word_1_334' title='bbox 853 5244 1023 5306; x_wconf 88' lang='lat' dir='ltr'><strong>,honorabili</strong></span> <span class='ocrx_word' id='word_1_335' title='bbox 1042 5245 1113 5298; x_wconf 74' lang='lat' dir='ltr'><strong>viro*</strong></span> <span class='ocrx_word' id='word_1_336' title='bbox 1133 5243 1205 5311; x_wconf 88' lang='lat' dir='ltr'><strong>Kap.</strong></span> <span class='ocrx_word' id='word_1_337' title='bbox 1216 5243 1238 5312; x_wconf 87' lang='lat' dir='ltr'><strong>J.</strong></span> <span class='ocrx_word' id='word_1_338' title='bbox 1261 5273 1291 5282; x_wconf 91' lang='lat'>-</span> <span class='ocrx_word' id='word_1_339' title='bbox 1313 5243 1342 5314; x_wconf 79' lang='lat' dir='ltr'><strong>g)</strong></span> <span class='ocrx_word' id='word_1_340' title='bbox 1362 5241 1405 5308; x_wconf 85' lang='lat' dir='ltr'><strong>,G¹</strong></span> <span class='ocrx_word' id='word_1_341' title='bbox 1426 5243 1497 5312; x_wconf 89' lang='lat' dir='ltr'><strong>Kap.</strong></span> <span class='ocrx_word' id='word_1_342' title='bbox 1512 5243 1533 5312; x_wconf 90' lang='lat' dir='ltr'><strong>J.</strong></span> 
     </span>
    </p>
   </div>
   <div class='ocr_carea' id='block_1_12' title="bbox 0 0 2006 5844">
    <p class='ocr_par' dir='ltr' id='par_1_12' title="bbox 0 0 2006 5844">
     <span class='ocr_line' id='line_1_40' title="bbox 0 0 2006 5844; baseline 0 0"><span class='ocrx_word' id='word_1_343' title='bbox 0 0 2006 5844; x_wconf 95' lang='lat' dir='ltr'><strong> </strong></span> 
     </span>
    </p>
   </div>
  </div>
 </body>
</html>
