3988 5844
913 441 964 491 20³

323 649 639 711 F01.45·c.2oa,tet
667 666 685 702 v
713 649 852 718 rukopise
877 649 1007 720 kapituly
1041 648 1165 704 Praiske
1192 647 1273 719 J40b
1298 648 1347 702 sol.
1373 649 1442 704 267⁴.
1476 649 1660 717 Doplnime·li

214 739 314 793 listinu
333 744 399 792 tuto
417 739 505 808 podle
524 738 742 809 pledchizejici,
760 740 810 808 Jalr
822 739 894 793 toho
913 738 1055 809 vyladuje
1074 739 1235 807 poznamka
1247 747 1289 804 ,ut
1302 741 1406 806 supra.
1427 737 1549 791 muslme
1560 738 1580 806 ji
1593 739 1661 792 take

213 828 322 882 omezit
342 843 362 880 r.
383 831 462 892 1284,
482 829 582 898 prvym
603 835 635 882 to
654 829 787 898 moinym
807 829 907 882 rokem
926 828 1013 898 vlady
1030 827 1170 895 proboita
1188 825 1335 882 Oldiicha.

904 1167 979 1232 264.

347 1325 471 1408 Biskup
502 1329 532 1392 T
527 1326 616 1392 ohim
638 1349 790 1412 rusazuse
812 1330 1044 1411 nejmenovane‘
1062 1330 1157 1394 misto
1175 1331 1313 1410 prdvem
1338 1327 1529 1407 nlmecky'm.

1265 1484 1552 1571 (retiati-1296).

387 1630 577 1712 Episcopus
601 1633 691 1695 locat
713 1633 919 1714 episcopalia
943 1634 986 1697 ad
1011 1634 1099 1696 idem
1124 1634 1214 1695 bona
1237 1631 1479 1694 convertendo·

783 1733 1094 1824 condicionaJliterJ.

323 1897 396 1961 Nos
419 1895 618 1982 Th(obias)b
638 1899 693 1963 dei
718 1903 829 1982 gracia
855 1900 1028 1982 Pragensis
1052 1903 1233 1979 episcopus
1257 1911 1375 1964 notum
1391 1909 1465 1974 etc,
1490 1898 1582 1979 quod
1601 1916 1663 1960 nos

212 2005 451 2068 condicionem
476 2015 547 2080 etc,
574 2005 685 2070 locum
709 2007 842 2071 forense
865 2009 990 2071 dictum
1015 2007 1193 2088 vulgariter
1217 2055 1259 2083 ..,
1291 2011 1323 2069 in
1348 2026 1417 2089 quo
1441 2005 1662 2088 quadraginta

211 2124 247 2176 et
271 2119 378 2176 unuse
409 2114 526 2176 laneus
561 2113 734 2192 habentur,
770 2114 908 2196 quilibet
939 2117 1113 2177 continens
1144 2113 1205 2177 LX
1237 2117 1351 2196 iugera
1374 2114 1580 2176 strichonum
1598 2159 1605 2174 .
1624 2105 1662 2187 fl,

213 2221 324 2294 iudici,
348 2221 528 2283 exhibitori
551 2223 770 2301 presencium,
794 2223 864 2284 iure
881 2221 1078 2285 theutonico
1102 2220 1295 2298 locavimus,
1319 2220 1411 2303 quod
1437 2213 1662 2303 (purkrecbt)‘

212 2328 391 2412 vulgariter
414 2327 608 2408 appellatur,
630 2328 693 2390 sub
718 2329 823 2408 pactis
847 2338 880 2390 et
896 2329 1151 2391 condicionibus
1174 2327 1398 2409 infrascriptis,
1422 2329 1485 2390 hiis
1501 2327 1663 2404 videlicet,

211 2436 307 2517 quod
345 2435 434 2497 idern
466 2429 594 2497 iudexd
618 2436 662 2497 ad
693 2435 852 2498 iudicium
887 2436 975 2499 duos
1005 2435 1130 2512 laneos,
1160 2436 1294 2499 stubam
1326 2437 1527 2512 balnearem,
1558 2453 1662 2498 unum

213 2541 412 2605 maccellum
445 2543 595 2603 carnium
619 2552 653 2604 et
675 2542 765 2604 aliud
791 2545 887 2622 panis
910 2563 950 2604 ac
974 2541 1213 2620 molendinum,
1243 2547 1271 2606 si
1294 2543 1364 2606 lieri
1394 2551 1506 2624 potest
1536 2543 1568 2604 in
1593 2541 1663 2622 ripa

210 2649 306 2712 rivuli
330 2648 465 2724 ibidem,
488 2668 548 2729 per
571 2669 607 2711 se
624 2658 657 2712 et
673 2669 752 2713 suos
776 2649 918 2713 heredes
942 2651 1068 2731 absque
1092 2651 1204 2731 aliqua
1227 2652 1399 2714 solucione
1423 2668 1544 2712 census
1558 2648 1662 2710 libere

213 2756 446 2838 possidebunt,
472 2749 531 2816 aes
552 2756 691 2819 eosdem
715 2757 832 2820 laneos
856 2777 932 2820 cum
955 2754 1093 2836 prefatis
1116 2757 1236 2820 balneo
1261 2777 1300 2819 ac
1325 2757 1452 2832 ceteris,
1484 2758 1509 2819 si
1549 2756 1661 2836 aliquo

211 2864 394 2927 infortunio
425 2863 477 2926 vel
501 2872 623 2927 eventu
654 2865 754 2927 nobis
788 2873 822 2926 et
856 2867 1064 2945 episcopatui
1095 2873 1219 2940 nostro,
1255 2865 1347 2945 quod
1382 2883 1450 2926 non
1485 2863 1661 2938 credimus,

213 2972 415 3053 displiceret,
446 2971 510 3034 sibi
534 2970 657 3032 eodem
680 2973 751 3033 iure
775 2991 814 3032 ac
838 2971 991 3034 libertate
1015 2971 1182 3034 vendendi
1206 2972 1305 3035 nobis
1328 2981 1386 3033 aut
1409 2970 1662 3034 successoribus

212 3080 336 3144 nostris
360 3079 404 3142 ad
428 3079 643 3142 taxacionem
666 3079 850 3141 iuratorum
874 3078 1024 3141 eiusdem
1048 3079 1122 3154 loci,
1152 3079 1179 3142 sl
1203 3079 1299 3140 nobis
1327 3087 1361 3141 et
1384 3079 1506 3140 nostris
1528 3095 1661 3141 succes·

212 3188 346 3250 soribus
378 3186 549 3264 placuerit,
584 3187 612 3249 si
646 3205 725 3261 non,
758 3194 892 3262 extunc,
928 3188 981 3248 cui
1016 3185 1078 3248 sibi
1104 3185 1276 3264 placuerit,
1311 3186 1401 3248 bono
1437 3185 1572 3262 homini,
1606 3186 1663 3266 qui

211 3295 426 3375 episcopatui
450 3312 619 3374 congruus
643 3293 830 3369 habebitur,
861 3293 986 3355 habeat
1009 3292 1207 3356 licenciam.¹
1236 3291 1288 3355 De
1318 3291 1389 3356 aliis
1419 3312 1499 3356 vero
1527 3293 1662 3372 triginta

213 3395 359 3464 novemh
380 3401 492 3476 laneis,
515 3420 560 3462 ex
583 3400 706 3480 quibus
729 3399 799 3462 duo
822 3399 910 3462 lanei
933 3401 1017 3462 inter
1040 3400 1261 3482 quadraginta
1278 3400 1364 3463 duos
1380 3400 1535 3464 subsides
1559 3399 1661 3461 dividi

212 3502 357 3573 debenti
382 3527 440 3588 per
472 3509 541 3569 duo
573 3510 687 3588 iugera
719 3526 781 3586 pro
812 3506 971 3587 quolibet,
1002 3507 1045 3570 de
1081 3507 1231 3588 quolibet
1265 3505 1431 3570 lertonem
1466 3509 1593 3588 argenti
1627 3515 1662 3568 et

214 3609 313 3679 itemi
350 3615 393 3677 de
429 3613 595 3676 thaberna
628 3613 786 3693 qualibet,
824 3609 1016 3695 quotquot*
1051 3614 1174 3677 ibidem
1215 3613 1436 3688 habebuntur,
1481 3607 1661 3675 iertonem¹

211 3725 342 3806 argenti
367 3731 426 3784 aut
449 3740 590 3801 porcum
614 3740 676 3800 pro
699 3719 830 3783 fertone
853 3721 1043 3800 persolvent
1075 3739 1195 3782 census
1224 3720 1360 3782 nomine
1391 3722 1571 3783 annuatim.
1608 3719 1659 3782 De

212 3831 346 3913 triginta
369 3829 535 3892 duobusnn
549 3827 649 3890 etiam
673 3826 777 3890 laneis
797 3827 841 3890 de
857 3827 1007 3908 quolibet
1030 3845 1177 3889 marcam
1195 3827 1321 3908 argenti
1338 3830 1422 3907 puri,
1446 3826 1661 3890 medietatem

211 3941 285 4001 eius
311 3939 343 4000 in
360 3934 447 3999 festo
464 3936 552 3998 beati
576 3933 711 4017 Georgii
727 3945 760 3996 et
776 3935 875 3997 aliam
892 3935 923 3996 in
940 3933 1026 3997 iesto
1051 3935 1139 3997 beati
1156 3933 1252 4010 Galli,
1277 3952 1353 3996 cum
1378 3933 1496 3996 decern
1520 3934 1661 3996 stricho-

212 4045 311 4108 nibus
335 4045 408 4124 puri
431 4045 532 4105 tritici
557 4051 633 4122 post
656 4041 809 4116 elapsum
832 4041 975 4103 duorum
1012 4061 1174 4104 annorum
1209 4041 1360 4121 spacium
1395 4061 1414 4102 a
1450 4038 1536 4104 sesto
1571 4042 1662 4103 beati

211 4151 350 4234 Georgii
374 4153 529 4230 proxime
553 4167 641 4212 nunc
665 4157 813 4222 venturo,
843 4147 964 4228 quibus
987 4148 1175 4210 libertatem
1199 4148 1324 4210 habere
1354 4148 1515 4226 volumus,
1546 4157 1661 4211 nostre

211 4278 348 4323 camere
373 4257 591 4339 assignabunt
625 4265 659 4318 et
681 4256 823 4317 triticum
852 4257 987 4334 propria
1018 4263 1152 4317 vectura
1184 4265 1218 4317 et
1248 4255 1438 4335 sumptibus
1468 4251 1660 4336 (propriis)¹¹

212 4366 354 4448 Pragam
391 4365 434 4428 ad
467 4364 591 4425 curiam
622 4361 850 4442 episcopalem
882 4371 1029 4426 nostram
1061 4361 1232 4424 adducere
1263 4362 1474 4424 tenebuntur.
1509 4363 1662 4426 Promisit

212 4475 349 4554 insuper
379 4470 483 4534 iudex
514 4469 685 4549 predictus
719 4465 803 4532 inira
834 4468 978 4532 duorum
1012 4487 1176 4532 annorum
1211 4471 1362 4549 spacium
1394 4491 1413 4532 a
1448 4467 1534 4533 iesto
1570 4471 1660 4532 beati

210 4579 352 4662 Georgii
376 4579 531 4657 proxime
555 4595 643 4640 nunc
668 4585 806 4638 venturo
835 4576 1023 4655 predictum
1055 4575 1166 4639 locum
1198 4574 1378 4639 forense..
1404 4576 1502 4640 bouis
1533 4576 1660 4640 colonis

210 4697 246 4750 et
270 4685 463 4748 horninibus
487 4683 675 4746 forensibus
697 4681 873 4746 collocare.
905 4683 938 4744 Si
961 4703 1048 4760 vero,
1072 4684 1165 4764 quod
1190 4683 1286 4759 absit,
1308 4680 1390 4745 inira
1414 4684 1565 4763 spacium
1589 4702 1660 4763 pre·

210 4794 381 4857 dictorum
406 4790 550 4853 duorum
574 4809 736 4854 annorum
752 4791 861 4871 ipsum
886 4793 1032 4869 premoti
1052 4791 1267 4873 contingeret,
1284 4799 1408 4854 extunc
1425 4789 1542 4853 iratres
1559 4795 1634 4854 sui.
1653 4841 1660 4854 .

321 5007 349 5066 a)
369 5001 394 5054 V
414 5001 455 5056 ln.
475 4999 634 5068 pietrieno.
657 5027 689 5038 -
708 5000 739 5067 b)
758 4999 816 5068 ,Jo.¹
837 4999 909 5066 Kap.
930 4999 951 5069 J.
974 5028 1006 5038 -
1026 4999 1053 5066 c)
1073 4999 1169 5062 ,XLIP
1189 4999 1262 5068 Kap.
1287 5001 1308 5070 J.
1328 5029 1362 5039 -
1382 5000 1412 5070 d)
1425 4999 1475 5066 ,C.'
1494 5002 1568 5070 Kap.
1587 5003 1610 5072 J.
1626 5030 1659 5040 -

210 5092 240 5162 e)
259 5091 415 5161 Doplneno
435 5090 483 5144 dle
502 5089 574 5156 Kap.
589 5087 609 5156 J.
631 5117 662 5127 -
683 5087 709 5157 i)
729 5089 784 5154 ,ad‘
803 5088 853 5155 ln,
877 5092 928 5154 ,ac‘
949 5087 1022 5156 Kap.
1035 5089 1058 5159 J.
1073 5117 1106 5128 -
1119 5087 1148 5160 g)
1162 5089 1300 5156 ,liberam‘
1313 5090 1361 5152 Iu.¹
1375 5091 1531 5156 ‚vendendi
1543 5092 1662 5147 habebit

211 5182 372 5237 licenciam¹
392 5181 465 5247 Kap.
484 5177 507 5247 J.
528 5207 561 5216 -
581 5179 611 5245 h)
631 5175 701 5238 ‚XL¹
722 5177 794 5244 Kap.
808 5177 829 5247 J.
848 5205 879 5216 -
894 5177 914 5247 i)
928 5177 1033 5242 ,debet‘
1053 5179 1103 5242 ln.,
1123 5179 1249 5243 ,debent¹
1263 5179 1335 5248 Kap.
1348 5180 1371 5250 J.
1386 5209 1418 5220 -
1430 5181 1449 5251 j)
1464 5181 1557 5242 ,idem‘
1572 5183 1611 5236 ln.
1628 5211 1659 5224 -

211 5274 243 5339 lc)
263 5274 415 5340 ,quoquot‘
442 5269 482 5322 ln.
510 5297 542 5307 —
575 5267 594 5334 l)
613 5265 708 5328 ‚lerto‘
727 5266 767 5320 ln.
799 5295 832 5305 -
865 5269 903 5335 m)
924 5267 970 5328 ,X‘
989 5266 1063 5337 Kap.
1083 5269 1103 5338 J.
1138 5297 1170 5307 -
1202 5271 1232 5336 n)
1252 5268 1407 5337 Doplndno
1426 5271 1474 5324 dle
1493 5269 1567 5339 Kap.
1583 5271 1606 5340 J.
