3968 5848
1006 385 1037 431 24

299 597 408 659 taliter
443 597 602 676 corripiat
636 605 671 658 et
706 597 852 676 castiget,
889 595 982 677 quod
1017 595 1071 658 alii
1103 615 1219 658 eorum
1254 595 1411 675 exemplo
1444 598 1486 658 ab
1520 596 1582 658 hiis
1612 605 1647 658 et
1671 595 1741 658 aliis

298 705 496 766 excessibus
528 703 646 766 illicitis
678 711 862 777 arceantur,
897 713 1015 766 contra
1046 701 1285 786 incorrigibiles
1309 711 1343 764 et
1366 707 1400 766 in
1423 722 1485 766 sua
1510 703 1672 782 pertinaci
1695 703 1739 764 in-

299 811 456 872 sollencia
480 811 699 890 perdurantes
723 813 878 873 invocato
902 810 975 886 sibi,
998 811 1025 873 si
1049 829 1135 889 opus
1152 808 1257 887 fuerit,
1282 809 1407 872 auxilio
1424 809 1551 871 brachii
1574 809 1742 872 secularis.

300 916 423 979 Datum
447 925 525 980 etc.¹

406 1091 467 1178 Fol.¹
486 1098 519 1146 13
538 1092 562 1145 ὅ.
582 1095 625 1150 87,
645 1093 691 1145 tet
710 1109 727 1144 v
747 1092 886 1159 rukopise
905 1091 1034 1160 kapituly
1054 1089 1176 1143 Praislre
1193 1089 1206 1157 J
1228 1089 1273 1142 ⁴0¹²
1299 1089 1345 1144 sol.
1359 1095 1420 1144 257.
1440 1089 1466 1144 O
1486 1090 1739 1159 chronologiclrem

299 1181 430 1234 omezeni
448 1181 551 1234 rokem
571 1185 640 1235 1290
659 1197 734 1234 srov.
754 1181 833 1234 duod
852 1181 876 1234 ll
895 1185 920 1233 3.

996 1541 1045 1603 88.

299 1701 422 1783 Biskup
445 1701 560 1764 Tobia's‘
574 1702 733 1783 odpovz‘da'
748 1700 890 1782 aa'poml
903 1699 1038 1782 opatovi,
1062 1699 1269 1782 z'ddajr‘cz'mu,
1294 1701 1355 1779 uby
1378 1699 1514 1761 sva'tosti
1537 1699 1740 1780 umr'rajr‘cr'cb

484 1829 505 1869 a
529 1807 615 1870 kr‘est
637 1808 691 1888 byl
712 1808 847 1886 odepr'en
870 1811 941 1881 te'm,
964 1807 1048 1870 kteh‘
1068 1807 1241 1889 apastolili
1260 1807 1368 1886 statky
1392 1805 1556 1868 klrliternz'.

1373 2003 1632 2084 (rara-1290).

411 2162 601 2243 Episcopus
624 2165 739 2227 scribit
762 2165 887 2239 abbati,
912 2167 1003 2246 quod
1027 2165 1160 2227 ultimas
1184 2166 1387 2244 penitencias
1410 2164 1629 2228 moriencium

467 2281 598 2334 tenetur
615 2271 843 2333 contradicere
861 2291 921 2349 pro
938 2271 1065 2334 lesione
1083 2273 1247 2334 bonorum
1264 2273 1456 2334 monasterii
1472 2269 1570 2354 (sic).

310 2487 311 2490 ,
405 2428 610 2515 Th(obiasl¹’
633 2433 687 2494 dei
710 2435 821 2514 gracia
846 2434 1031 2497 honorabili
1054 2435 1124 2497 viro
1148 2435 1286 2497 domino
1311 2434 1423 2496 abbati
1441 2483 1446 2494 .
1464 2438 1486 2493 ,θ
1514 2432 1654 2495 salutem
1678 2441 1739 2495 etc.

300 2539 395 2600 Licet
427 2538 469 2600 ad
502 2541 767 2603 convincendam
792 2541 955 2604 maliciam
981 2560 1215 2621 perversorum
1239 2540 1350 2603 divina
1373 2538 1491 2614 officia,
1526 2557 1593 2620 que
1617 2539 1739 2603 cultum

300 2646 503 2708 dominicum
528 2648 703 2728 adaugent,
736 2659 770 2708 et
794 2647 1054 2712 ecclesiasticam
1077 2649 1283 2727 sepulturam
1308 2651 1341 2710 in
1366 2647 1516 2709 ecclesiis
1539 2647 1686 2726 ipsorum
1709 2661 1742 2708 et

298 2754 388 2830 alias,
422 2753 613 2833 ubicunque
644 2755 805 2833 expedire
837 2755 977 2832 videtur,
1011 2755 1215 2837 quandoque
1246 2753 1446 2818 interdicere
1477 2772 1539 2815 nos
1563 2753 1740 2836 contingat,

300 2870 437 2940 propter
461 2861 535 2934 hoc,
570 2875 614 2936 ut,
638 2880 723 2942 quos
746 2863 846 2924 timor
870 2863 922 2923 dei
947 2883 967 2924 a
991 2863 1078 2924 malo
1103 2881 1170 2924 non
1201 2873 1344 2938 revocat,
1372 2861 1599 2924 ecclesiastice
1623 2859 1741 2922 saltem

297 2969 454 3030 cohibeat
492 2969 650 3030 severitas
688 2969 835 3042 ulcionis,
875 2968 1015 3031 salutem
1048 2979 1157 3032 tamen
1190 2971 1372 3031 animarum
1414 2973 1446 3031 in
1478 2969 1548 3032 aliis
1584 2967 1739 3030 ecclesia·

298 3075 387 3136 sticis
418 3075 633 3136 sacramentis
657 3075 810 3154 inpedire
840 3076 1050 3155 aliquatenus
1082 3096 1148 3138 non
1180 3077 1352 3150 debemus,
1389 3076 1477 3137 unde
1510 3076 1541 3137 in
1574 3095 1624 3151 e0,
1647 3073 1738 3154 quod

299 3182 500 3260 baptismata
516 3181 728 3261 parvulorum
747 3191 780 3243 et
796 3182 927 3246 ultimas
945 3185 1148 3260 penitencias
1164 3186 1384 3245 moriencium
1401 3184 1434 3244 in
1450 3183 1598 3246 ecclesiis
1615 3199 1740 3257 eorum,

298 3290 353 3368 qui
378 3290 466 3350 bona
491 3289 683 3350 monasterii
706 3291 805 3352 vestri
823 3290 936 3368 spoliis
952 3301 986 3351 et
1002 3291 1124 3368 rapinis
1141 3289 1298 3352 invadere
1314 3300 1441 3352 temere
1457 3299 1742 3369 presumpsemnt,

299 3395 571 3457 interdiceremus
602 3407 635 3458 et
667 3397 819 3458 interdici
849 3396 1045 3474 faceremus,
1081 3397 1281 3474 peticionem
1313 3405 1465 3472 vestram,
1500 3416 1576 3458 cum
1607 3398 1740 3457 nonsit

300 3503 423 3564 racioni
447 3521 604 3578 consona,
629 3505 689 3565 sed
714 3507 831 3580 pocius
855 3504 1016 3566 inducens
1039 3503 1177 3566 evidens
1201 3503 1383 3582 periculum
1407 3505 1601 3580 animarum,
1625 3511 1739 3564 contra

298 3627 469 3670 sacrorum
505 3628 671 3671 canonum
703 3619 827 3672 statuta
859 3610 1036 3672 admittere
1067 3610 1254 3672 nullatenus
1285 3610 1437 3673 volumus
1469 3629 1531 3672 nec
1567 3610 1737 3672 debemus.

300 3715 424 3778 Datum
448 3726 510 3778 etc.

406 3909 465 3964 Fol.
485 3913 518 3962 13
538 3909 561 3962 ἔ.
580 3913 623 3976 88,
651 3909 697 3962 tei
716 3925 734 3961 v
753 3911 890 3978 rukopise
909 3911 1038 3980 kapituly
1058 3909 1181 3963 Praislre
1199 3909 1212 3977 J
1232 3907 1279 3962 ⁴0¹³
1305 3910 1352 3962 sol.
1371 3913 1441 3962 260¹.
1471 3910 1556 3963 Rolru
1577 3913 1647 3965 1290
1665 3907 1739 3961 tvoii

299 3999 549 4068 pravddpodobny
568 3999 672 4052 termin
692 3999 730 4052 ad
748 4014 845 4066 quem,
864 3999 1015 4067 ponbvadi
1033 3999 1066 4052 al
1085 3999 1125 4052 do
1143 4001 1214 4052 toho
1228 4000 1301 4052 roku
1314 4000 1406 4053 truala
1419 4016 1437 4052 v
1449 3984 1583 4054 Cechach
1596 3999 1739 4064 anarchie

298 4103 331 4140 aa
351 4090 432 4142 litere
451 4088 520 4156 bylo
538 4089 689 4156 pustoseni
708 4088 875 4141 clrlrevnlclr
895 4083 993 4141 statkir
1012 4089 1180 4157 pravidlem.
1199 4088 1258 4141 Tei
1278 4095 1292 4140 4
1313 4088 1391 4142 hned
1410 4089 1581 4155 nasleduilcl
1600 4089 1670 4142 disla
1689 4102 1738 4154 po·

298 4177 408 4244 chazeji
427 4193 441 4230 z
461 4181 522 4231 teto
542 4177 620 4246 doby
640 4193 657 4231 a
673 4178 739 4246 jsou
759 4177 934 4244 podobnelro
953 4178 1073 4231 obsahu.

405 4943 432 5011 a)
450 4943 523 5014 Nyni
552 4943 701 5012 nasleduje
729 4959 747 4995 v
766 4943 805 4996 ln.
832 4951 893 4996 tato
918 4958 1039 5013 arenga:
1069 4944 1151 5006 ,Cum
1177 4947 1252 4998 inter
1270 4959 1359 5012 opera
1377 4946 1506 4999 caritatis
1525 4946 1684 4999 elemosina
1702 4947 1738 4999 sit

297 5035 395 5096 virtus,
415 5047 474 5100 que
501 5035 595 5101 operit
614 5033 828 5086 multitudinem
858 5043 1052 5099 peccatorum,
1073 5033 1198 5087 divinam
1227 5034 1366 5088 offensam
1395 5036 1514 5103 mitigat,
1539 5034 1589 5088 dat
1613 5037 1737 5106 graciam

297 5125 324 5173 in
346 5123 471 5190 presenti
491 5131 520 5175 et
539 5123 621 5176 addit
639 5123 758 5192 gloriam
778 5123 806 5175 in
826 5121 924 5176 futuro
943 5129 973 5174 et
992 5124 1209 5177 universitatem
1228 5130 1354 5176 vestram
1373 5126 1440 5178 etc.‘
1460 5153 1491 5162 -
1512 5125 1542 5189 b)
1563 5124 1612 5192 ‚Jo‘
1632 5125 1738 5194 Kap.J.

301 5241 329 5248 -
351 5212 377 5278 c)
397 5213 519 5272 ,cenobii
538 5213 610 5266 talis*
629 5212 702 5279 Kap.
713 5212 736 5280 J.
