3968 5848
1019 811 1088 875 120.

333 1007 459 1090 Biskup
500 1007 614 1069 Tobids'
647 1007 807 1089 zakazuje
840 1012 950 1070 viemu
989 1008 1226 1070 duchovenstvu
1265 1007 1416 1069 clrkevnl
1444 1005 1578 1089 pabebit
1611 1005 1779 1068 sesnule'lzo

333 1113 482 1176 dlechtice
512 1111 688 1194 (Zdislava
720 1136 740 1174 z
773 1095 1013 1196 §ternberkail
1044 1114 1383 1177 exkomunikovane'lzo
1412 1123 1472 1196 pro
1503 1113 1608 1176 na'silr'
1629 1111 1784 1195 pdclrane'

334 1241 377 1282 na
412 1222 544 1284 osobdch
579 1241 599 1281 a
634 1221 768 1285 statcz'clt
803 1222 994 1296 cirkevm‘ch,
1029 1243 1050 1284 a
1085 1221 1172 1284 z'a'dd
1207 1220 1416 1302 dominika'ny
1446 1243 1467 1282 a
1499 1221 1648 1301 minorr'ty
1675 1219 1779 1281 talete}

882 1351 899 1389 ο
923 1328 1075 1409 edeplenz‘
1089 1328 1222 1410 polzr'bu.
1620 1324 1622 1344 ‘

1544 1434 1670 1513 (1289).

424 1613 613 1695 Episcopus
644 1616 782 1677 mandat
813 1615 999 1689 abbatibus,
1025 1615 1212 1694 prepositis,
1238 1615 1492 1688 archidiaconis,
1517 1615 1690 1694 prioribus

423 1722 560 1784 decanis
581 1731 614 1783 et
635 1723 794 1784 universis
819 1720 979 1801 plebanis,
1001 1732 1036 1782 ut
1060 1741 1127 1782 non
1152 1725 1341 1801 reciperent
1365 1723 1407 1784 ad
1431 1721 1689 1800 sepulturam..

838 1849 961 1909 corpus
985 1829 1276 1891 excommunicati.

441 2019 639 2106 Th(obias)⁸
662 2027 717 2088 dei
748 2029 860 2107 gracia
892 2034 953 2088 etc.
979 2025 1139 2087 universis
1164 2026 1351 2099 abbatibus,
1376 2025 1562 2096 abbatissis,
1592 2025 1780 2103 prepositis

333 2131 586 2206 archidiaconis,
616 2135 788 2210 prioribus,
813 2133 948 2194 decanis
980 2152 1018 2193 ac
1052 2134 1211 2194 universis
1242 2131 1314 2194 aliis
1345 2131 1561 2194 ecclesiarum
1594 2131 1779 2191 rectoribus

334 2237 505 2320 Pragensis
529 2241 669 2302 civitatis
693 2250 726 2301 et
750 2241 905 2317 dyocesis
936 2240 1077 2302 salutem
1102 2250 1164 2302 etc.
1213 2237 1297 2301 Cum
1329 2238 1449 2301 nobilis
1483 2240 1528 2298 vir
1552 2231 1779 2318 (Zdeslausilb

334 2346 376 2407 de
401 2341 629 2429 (Sternberkl)
661 2366 749 2408 nunc
773 2351 859 2408 viam
884 2347 1035 2409 universe
1065 2351 1172 2409 carnis
1204 2349 1373 2427 ingressus
1404 2355 1540 2425 propter
1571 2363 1688 2427 graves
1720 2362 1778 2405 sue

332 2455 527 2516 temeritatis
565 2472 733 2530 excessus,
772 2472 858 2532 quos
897 2454 928 2514 in
969 2473 1131 2533 personas
1170 2454 1413 2515 ecclesiasticas
1461 2471 1520 2530 per
1559 2454 1777 2513 inieccionem

334 2579 491 2622 manuum
515 2575 641 2623 temere
659 2561 840 2623 violentam
863 2567 898 2621 et
914 2560 1080 2634 ecclesias,
1107 2561 1217 2622 bonac
1240 2579 1356 2622 earum
1380 2558 1588 2641 effringendo
1615 2568 1649 2619 et
1673 2559 1776 2619 hosti-

333 2667 406 2729 liter
431 2668 628 2744 invadend0,
650 2687 709 2748 per
732 2689 768 2730 se
793 2676 826 2730 et
849 2686 928 2728 suos
945 2687 1028 2730 ausu
1053 2662 1240 2749 sacrilegod
1264 2671 1472 2730 exercuissse
1493 2666 1699 2746 dignoscitur
1720 2683 1778 2743 per

334 2776 379 2835 rei
403 2775 619 2851 evidenciam,
644 2795 708 2856 que
740 2775 829 2837 nulla
862 2783 974 2854 potest
1005 2775 1283 2857 tergiversacione
1315 2775 1423 2846 celari,
1449 2771 1777 2837 excomunicacionis

333 2882 537 2943 sentenciam
570 2881 795 2961 multipliciter
826 2883 1001 2944 incurrerit
1032 2883 1105 2960 ipso
1138 2879 1236 2956 facto,
1260 2885 1346 2943 sicut
1378 2882 1441 2943 hoc
1466 2889 1518 2942 est
1542 2881 1713 2958 publicum
1746 2891 1778 2940 et

334 2991 489 3050 omnibus
521 2989 740 3066 manifestum,
765 2991 925 3051 universis
958 2990 1051 3050 vobis
1076 2999 1108 3049 et
1132 2989 1268 3069 singulis
1300 2991 1333 3050 in
1366 2989 1484 3050 virtute
1516 2987 1715 3049 obediencie
1747 2995 1778 3045 et

332 3097 394 3156 sub
433 3116 518 3176 pena
557 3097 891 3172 excomunicacionis,
926 3115 1028 3177 quarn
1066 3115 1199 3157 exnunc
1239 3099 1272 3157 in
1312 3096 1374 3158 hiis
1409 3096 1539 3172 scriptis
1579 3082 1713 3155 contra'
1732 3096 1777 3154 in·

333 3203 529 3265 obedientes
561 3205 729 3284 quoslibet
769 3203 968 3282 proferimus
1008 3214 1041 3264 et
1073 3203 1221 3278 rebelles,
1253 3203 1453 3264 mandamus
1485 3200 1621 3262 firmiter
1653 3209 1687 3261 et
1717 3220 1776 3260 ex-

332 3329 454 3390 presse,
478 3319 642 3390 quatenus
674 3311 782 3373 nullus
814 3321 958 3372 vestrum
992 3311 1142 3372 eiusdem
1174 3309 1458 3371 excommunicati
1491 3327 1613 3384 corpus
1648 3310 1777 3388 absque

332 3425 447 3478 nostra
471 3416 609 3480 licencia
626 3429 658 3478 et
675 3418 836 3479 mandato
860 3417 972 3478 tradat
991 3425 1049 3478 aut
1072 3418 1157 3480 tradi
1182 3420 1352 3493 permittat
1376 3427 1458 3496 aput
1482 3435 1576 3476 suam
1601 3415 1776 3476 ecclesiam

332 3525 504 3602 sepulture
525 3524 756 3599 ecclesiastice,
773 3544 835 3586 nec
856 3525 962 3586 eidem
986 3524 1155 3602 sepulture
1175 3523 1315 3585 clericus
1335 3523 1453 3603 aliquis
1478 3522 1601 3583 audeat
1617 3523 1778 3584 interesse

332 3621 527 3714 religiosuse
552 3639 610 3692 aut
642 3632 741 3692 etiam
774 3631 941 3706 secularis,
966 3633 993 3694 si
1017 3630 1179 3710 prefatam
1211 3629 1543 3692 excomunicacionis
1576 3623 1717 3707 penams
1745 3633 1776 3690 in

332 3759 368 3801 se
393 3740 493 3800 latam
517 3739 657 3801 voluerit
682 3739 814 3801 evitare.
862 3739 995 3800 Fratres
1020 3747 1131 3800 autem
1156 3738 1383 3818 predicatores
1407 3746 1441 3798 et
1464 3739 1612 3799 minores
1636 3746 1670 3797 et
1694 3736 1778 3798 alios

332 3856 511 3926 exemptos
535 3847 701 3926 quoslibet
726 3850 890 3908 attencius
921 3865 1076 3927 rogamus
1100 3858 1134 3907 et
1159 3847 1356 3926 requirimus
1379 3845 1411 3906 in
1436 3844 1498 3906 hiis
1522 3845 1659 3923 scriptis,
1683 3853 1719 3903 ut
1744 3852 1777 3903 et

331 3956 393 4034 ipsi
418 3973 539 4033 corpus
564 3956 809 4016 excomunicati
834 3955 975 4032 predicti
999 3955 1042 4016 ad
1067 3953 1273 4034 sepulturam
1306 3953 1570 4014 ecclesiasticam
1594 3960 1675 4029 aput
1699 3969 1778 4012 suas

331 4061 490 4124 ecclesias
509 4081 576 4121 non
599 4061 760 4138 recipiant
777 4081 838 4122 nec
856 4064 959 4140 recipi
982 4064 1178 4139 permittant
1198 4063 1325 4140 absque
1346 4069 1461 4122 nostra
1480 4059 1619 4120 licencia
1640 4058 1776 4136 speciali

332 4179 447 4231 contra
479 4173 660 4230 canonicas
692 4171 898 4242 sancciones,
930 4177 966 4229 ut
1002 4179 1088 4247 pen'a
1124 4173 1219 4230 unius
1257 4167 1328 4228 aliis
1359 4167 1476 4229 similia
1508 4168 1776 4243 presumentibus

332 4285 480 4338 transeat
504 4279 536 4336 in
562 4275 763 4354 exemplum.
789 4274 912 4336 Datum
938 4284 999 4336 etc.

439 4468 498 4522 Fol.
519 4471 560 4520 17·
581 4469 604 4520 c.
624 4473 683 4532 120,
703 4469 748 4521 tei
768 4484 785 4518 v
805 4469 943 4533 rukopise
963 4467 1091 4535 kapituly
1106 4467 1254 4535 PraislreJ
1268 4463 1315 4518 tob
1334 4465 1381 4520 sol.
1402 4471 1461 4519 252.
1481 4465 1507 4520 Ο
1529 4466 1661 4533 poloieni
1679 4468 1776 4534 jmena

331 4557 462 4610 Zdislava
482 4575 495 4609 z
515 4541 694 4611 Sternberka
718 4557 758 4610 do
783 4557 885 4610 toboto
911 4557 977 4609 listu
997 4573 1013 4610 a
1032 4573 1050 4609 o
1070 4556 1206 4609 datovdni
1231 4571 1306 4610 srov.
1326 4556 1405 4609 rivod
1423 4557 1448 4610 ll
1467 4564 1482 4607 4
1503 4571 1519 4608 a
1538 4557 1604 4624 listy
1626 4560 1775 4606 117—122.

437 5059 465 5116 a)
485 5056 534 5125 ,Jo
555 5057 582 5108 d.
602 5071 627 5124 g.
649 5055 728 5126 Prag.
749 5061 802 5123 ep.‘
823 5055 930 5124 Kapl.
957 5084 990 5093 -
1016 5055 1045 5120 b)
1066 5095 1085 5118 ,.
1107 5095 1112 5106 .
1133 5055 1171 5107 de
1197 5096 1202 5108 .
1224 5095 1229 5106 .
1250 5055 1324 5108 loco‘
1349 5055 1397 5120 ln,
1424 5054 1463 5115 ,C.
1484 5053 1521 5106 de
1542 5059 1582 5105 ..¹
1608 5053 1679 5120 Kap.
1692 5052 1713 5120 J.
1740 5081 1775 5091 -

330 5147 357 5213 c)
386 5163 427 5209 ,ac
455 5147 540 5199 bona*
566 5145 622 5198 oba
651 5146 692 5198 rk.
720 5175 753 5182 -
781 5145 811 5206 d)
830 5145 997 5213 sacrilegio*
1023 5145 1071 5205 In,
1104 5146 1261 5214 ,sacrilego‘
1292 5143 1396 5212 Kapl.
1427 5173 1458 5180 -
1488 5142 1515 5210 e)
1541 5142 1700 5212 ‚religiosis¹
1726 5143 1776 5202 ln..

330 5236 498 5306 ‚religiosus‘
517 5234 589 5303 Kap.
602 5235 624 5304 J.
648 5265 673 5272 —-
698 5235 720 5303 f)
740 5236 925 5294 ,sentenciam
945 5249 996 5286 seu
1015 5241 1129 5301 penam‘
1149 5234 1220 5301 Kap.
1232 5233 1253 5300 J.
