3968 5848
1011 465 1047 514 60

306 678 419 740 ciones
444 676 585 740 domino
609 678 719 760 legato
744 677 835 740 sedis
852 678 1039 755 apostolice
1062 678 1095 741 in
1120 677 1185 740 hoc
1202 696 1290 740 anno
1314 677 1465 740 secundo
1489 697 1548 740 sue
1572 676 1754 760 legacionis

306 796 398 848 tanta
422 787 520 848 nobis
544 795 577 848 et
594 785 892 862 archidyaconatui
918 794 1034 848 nostro
1052 804 1182 848 summa
1206 787 1347 864 pecunie
1372 794 1424 848 est
1439 785 1594 864 imposita
1619 785 1662 846 ad
1687 785 1754 846 sol·

307 893 461 966 rendum,
486 893 577 972 quod
595 902 628 954 te
645 904 678 954 et
694 893 848 955 subditos
864 904 941 956 tuos
964 902 1016 954 tot
1041 937 1047 952 .
1065 941 1072 954 .
1097 911 1285 954 marcarum
1301 894 1464 974 contingit
1479 891 1631 966 solucio¹,
1655 901 1756 972 prout

308 1021 367 1079 per
389 1008 563 1062 taxatores
588 1003 810 1062 communiter
842 1009 893 1063 est
916 1009 1079 1063 taxatum.
1119 998 1218 1063 Unde
1252 999 1452 1063 discrecioni
1475 1009 1531 1062 tue
1556 1000 1756 1063 mandamus

308 1107 444 1168 firmiter
467 1115 501 1168 et
516 1126 687 1186 expresse,
712 1117 878 1186 quatenus
893 1107 1031 1169 easdem
1056 1117 1106 1170 tot
1129 1126 1260 1169 marcas
1285 1108 1316 1168 in
1333 1109 1425 1170 bono
1450 1117 1484 1169 et
1508 1127 1591 1187 puro
1615 1116 1754 1189 argento

310 1233 329 1275 a
363 1216 430 1276 tuis
462 1214 604 1277 subditis
639 1215 840 1295 quantocius
874 1217 1059 1295 exquisitas
1094 1215 1192 1277 nobis
1228 1223 1287 1276 aut
1317 1215 1453 1277 sacriste
1485 1215 1644 1296 Pragensi
1678 1233 1755 1276 curn

310 1339 440 1382 summa
465 1323 606 1400 pecunie
638 1321 757 1400 prioris
780 1321 967 1385 taxacionis
998 1336 1031 1384 et
1054 1324 1163 1383 usuris
1194 1323 1297 1400 ipsius
1328 1321 1533 1403 integraliter
1557 1329 1591 1382 et
1614 1321 1756 1383 finaliter

309 1425 393 1487 inira
420 1437 572 1488 octavam
597 1423 896 1511 Re[surreccionis]
930 1419 1098 1490 dominice
1130 1431 1301 1510 assignare
1334 1428 1521 1490 nullatenus
1546 1428 1681 1491 differas
1705 1428 1757 1490 vel

311 1543 504 1610 postponas,
537 1535 684 1614 alioquin
716 1555 777 1614 per
813 1537 1015 1598 reverendos
1039 1538 1073 1598 in
1097 1533 1232 1598 Christo
1256 1544 1376 1615 patres,
1412 1537 1584 1598 dominum
1610 1535 1756 1616 legatum

310 1640 506 1719 predictum,
531 1641 704 1703 dominum
736 1643 1023 1721 archiepiscopum
1050 1637 1326 1726 (Maguntinum)b
1350 1651 1382 1704 et
1407 1643 1580 1704 dominum
1605 1651 1758 1704 nostrum

310 1749 508 1826 episcopum
540 1747 688 1826 prolatas
726 1751 815 1810 etin
841 1749 998 1832 Pragensi
1030 1750 1173 1812 ecclesia
1205 1751 1391 1828 publicatas
1427 1751 1758 1812 excomunicacionis

311 1857 500 1916 sentencias
534 1863 604 1916 tarn
639 1866 675 1916 tu
699 1876 799 1936 quam
825 1851 992 1938 (quillibet
1027 1858 1111 1920 alius
1146 1857 1344 1920 inobediens
1380 1859 1412 1918 in
1436 1857 1501 1918 hoc
1526 1875 1606 1918 casu
1631 1864 1757 1920 extunc

311 1971 410 2041 prout
442 1981 573 2024 exnunc
604 1965 679 2041 ipso
710 1961 800 2025 facto
825 1983 860 2025 se
884 1965 1011 2026 noverit
1042 1965 1203 2027 incurisse
1228 1972 1261 2026 et
1284 1963 1526 2034 nichilominus,
1551 1965 1606 2043 qui
1635 1965 1757 2025 contri·

312 2069 489 2131 bucionem
522 2079 710 2148 presentem
736 2071 797 2132 sibi
830 2071 1021 2148 impositam
1046 2091 1113 2134 non
1137 2073 1280 2148 solverit,
1304 2073 1391 2134 sicut
1415 2071 1527 2146 debet,
1551 2078 1609 2132 aut
1633 2077 1758 2150 preter-

312 2179 391 2238 itam
423 2175 523 2236 etiam
555 2193 623 2238 non
655 2176 813 2256 persolvit
845 2179 877 2238 in
911 2181 1054 2240 termino
1090 2181 1317 2257 peremptorio
1349 2179 1552 2256 supradicto,
1576 2186 1757 2256 antequam

312 2283 514 2356 absolvatur,
546 2293 686 2366 cogetur
717 2285 845 2347 solvere
876 2305 954 2348 curn
985 2289 1105 2348 usuris.
1145 2285 1176 2348 A
1199 2287 1322 2366 quibus
1345 2288 1531 2359 sentenciis,
1554 2287 1612 2366 qui
1644 2287 1677 2346 in
1701 2303 1759 2346 eas

311 2390 472 2464 inciderit,
508 2389 617 2452 nullus
651 2411 709 2471 per
744 2391 846 2454 aliurn
881 2393 1010 2456 absolvi
1045 2395 1176 2472 poterit,
1212 2412 1314 2473 quarn
1346 2413 1405 2472 per
1441 2392 1611 2470 predictos
1647 2401 1759 2471 patres

312 2496 486 2560 dominum
521 2497 667 2578 legatum
690 2507 724 2560 et
758 2499 932 2561 dominum
964 2497 1239 2582 (Maguntinum)c
1263 2503 1520 2580 suprascriptos.
1561 2497 1760 2563 Consulcius
1812 2527 1820 2542 ·

312 2614 364 2667 est
398 2605 497 2686 igitur
529 2603 665 2668 cuilibet
697 2605 857 2668 solvendo
889 2607 923 2668 id
956 2607 1048 2688 quod
1084 2607 1187 2670 debet
1221 2607 1367 2688 prelatas
1399 2606 1759 2668 excomunicacionum

312 2713 498 2774 sentencias
537 2714 671 2790 evitare,
699 2711 882 2789 (Addicto,
914 2715 941 2776 si
973 2713 1108 2793 placet>
1136 2717 1214 2795 quia
1246 2715 1288 2776 ab
1321 2715 1368 2777 eis
1407 2734 1467 2794 per
1511 2715 1612 2775 alium
1657 2731 1758 2792 quam

313 2838 371 2898 per
396 2819 470 2881 illos
494 2821 549 2900 qui
575 2837 633 2881 eas
655 2819 803 2882 tulerunt
826 2821 934 2883 nullus
958 2825 1092 2900 penitus
1116 2821 1315 2884 absolvetur.
1343 2819 1466 2884 Datum
1491 2831 1553 2882 etc.

421 2957 481 3010 Fol.
503 2959 553 3020 10¹,
573 2958 596 3011 b.
616 2961 659 3022 66,
679 2958 723 3012 tei
742 2976 759 3010 v
772 2961 911 3027 rukopise
931 2961 1059 3030 kapituly
1080 2960 1202 3014 Praiske
1221 2961 1235 3029 J
1255 2957 1301 3015 40b
1320 2959 1366 3014 fol.
1387 2961 1457 3012 247⁴.
1477 2957 1503 3012 Ο
1524 2957 1661 3012 datovani
1680 2973 1759 3012 stou.

313 3062 396 3114 poan.
416 3063 434 3098 u
455 3045 504 3100 dis.
525 3051 567 3102 63.

1011 3178 1065 3240 67.

315 3315 437 3396 Biskup
475 3316 506 3378 T
501 3315 590 3378 obz'a's'
620 3319 769 3399 nar'izuje
798 3319 934 3398 abatyii,
967 3318 1027 3400 aby
1058 3319 1217 3401 naplatila
1249 3321 1344 3383 obnos
1367 3341 1411 3382 na
1435 3320 1470 3382 ni
1488 3319 1697 3401 phpadaj'icr'
1716 3337 1761 3379 na

354 3422 535 3505 prokuracz'
555 3423 698 3486 dmkllzo
720 3424 801 3488 roku
819 3425 1022 3506 papeiske'ho
1045 3428 1152 3508 legata
1178 3423 1290 3508 (Jana
1313 3425 1448 3510 biskupa
1477 3427 1508 3489 T
1504 3421 1713 3498 usculskllro).

1389 3567 1494 3652 (1288
1514 3566 1650 3650 bieaen).

316 3709 504 3790 Episcopus
528 3709 665 3772 mandat
696 3712 874 3788 abbatisse,
907 3723 943 3774 ut
966 3713 1255 3774 contribucionem
1285 3715 1469 3794 assignaret
1494 3715 1526 3774 in
1550 3760 1582 3774 ..
1606 3713 1760 3774 termino.

419 3828 613 3918 Thlobias)‘¹
638 3835 691 3896 dei
719 3836 828 3917 gracia
863 3848 925 3899 etc.
951 3838 1092 3900 honeste
1124 3846 1157 3898 et
1187 3837 1340 3918 religiose
1371 3837 1509 3899 domine
1534 3886 1565 3898 ..
1591 3836 1760 3899 abbatisse

316 3943 349 4004 in
375 3989 406 4005 ..
432 3943 572 4004 salutem
598 3953 661 4004 etc.
698 3943 878 4006 Honestati
896 3954 1012 4007 -vestre
1045 3944 1242 4006 mandamus
1279 3943 1414 4006 firmiter
1439 3955 1472 4006 et
1496 3945 1657 4016 districte,
1682 3961 1761 4023 qua·

315 4058 414 4112 tenus
445 4051 488 4112 ad
520 4050 650 4112 dandas
686 4053 947 4128 procuraciones
983 4051 1120 4115 domino
1156 4051 1266 4134 legato
1303 4051 1393 4113 sedis
1429 4051 1615 4130 apostolice
1639 4053 1671 4112 in
1696 4051 1761 4112 hoc

316 4156 466 4218 secundo
492 4175 580 4218 anno
613 4177 673 4220 sue
697 4158 887 4238 legacionis,
919 4169 1019 4237 prout
1050 4161 1092 4220 ab
1117 4177 1158 4220 eo
1182 4158 1374 4232 accepimus
1406 4157 1587 4220 districtius
1611 4159 1641 4218 in
1667 4176 1760 4219 man·

317 4265 412 4338 datis,
436 4313 468 4325 ..
501 4273 644 4326 marcas⁸
686 4266 764 4326 boni
796 4275 829 4326 et
861 4267 933 4343 puri
965 4266 1091 4347 argenti
1126 4264 1209 4328 infra
1242 4275 1394 4327 octavam
1427 4265 1594 4327 dominice
1627 4257 1760 4348 Re[sur·

317 4366 493 4451 rectionis]
519 4373 672 4450 proxime
703 4383 874 4434 venturam
901 4372 1044 4435 honesto
1076 4373 1145 4435 viro
1183 4373 1319 4436 domino
1351 4421 1357 4433 .
1387 4421 1393 4434 .
1429 4372 1567 4434 sacriste
1603 4371 1760 4453 Pragensi

318 4479 492 4559 assignetis
516 4487 550 4540 et
574 4479 733 4560 assignari
757 4482 829 4542 sine
853 4480 1080 4543 diminucione
1104 4488 1138 4541 et
1161 4480 1326 4542 dilacione
1350 4479 1499 4560 qualibet
1522 4477 1658 4555 faciatis,
1682 4477 1762 4541 alio·

317 4579 408 4668 quins
434 4585 603 4667 <Require
638 4595 745 4662 antea,
777 4587 831 4648 ubi
867 4588 980 4667 incipit
1012 4585 1114 4664 ,Scire
1146 4586 1286 4649 debetis*
1319 4606 1425 4668 usque
1457 4587 1500 4650 ad
1533 4587 1651 4662 nnem;
1683 4596 1761 4666 post

318 4712 357 4754 ea
381 4693 497 4754 datum
521 4693 687 4770 etc)...

425 4831 486 4884 Fol.
506 4836 540 4884 10
565 4831 590 4885 ὅ.
609 4835 651 4896 67,
671 4833 716 4886 tei
743 4849 760 4885 v
781 4833 918 4900 rulroplse
939 4833 1070 4902 kapituly
1090 4831 1215 4886 Pralske
1234 4833 1249 4902 J
1269 4829 1315 4885 ⁴0¹²
1335 4831 1381 4886 sol.
1401 4837 1461 4887 248.
1482 4831 1508 4886 O
1528 4833 1667 4886 datovanl
1685 4848 1760 4888 srov.

317 4937 400 4989 poan.
421 4937 439 4973 u
459 4919 508 4973 cis.
528 4924 571 4973 63,

425 5049 452 5108 a)
473 5060 593 5105 ,marcas
612 5051 689 5100 cont.
708 5045 829 5099 solvere*
850 5045 922 5114 Kap.
941 5047 965 5116 J.
985 5077 1018 5086 -
1037 5046 1069 5117 b)
1089 5053 1157 5108 ...‘
1177 5047 1215 5100 ln.
1235 5049 1443 5118 lllaguntinum‘
1464 5047 1537 5113 Kap.
1556 5047 1578 5116 J.
1600 5075 1632 5086 —-
1652 5046 1680 5116 c)
1700 5086 1724 5114 ‚.
1738 5051 1762 5098 .‘

317 5134 366 5200 In..
392 5135 607 5205 ,Maguntinum
641 5135 713 5202 Kap.
738 5135 761 5204 J.
791 5165 823 5173 —
853 5137 883 5202 d)
912 5137 1073 5206 ,Johannes‘
1101 5137 1170 5206 Kap.
1182 5137 1204 5205 J.
1242 5166 1274 5175 -
1310 5137 1338 5206 e)
1367 5144 1420 5200 ,tot
1445 5141 1568 5189 marcas‘
1593 5135 1666 5202 Kap.
1677 5135 1700 5204 J.
1729 5165 1761 5174 -

233 5245 239 5256 ·
317 5225 341 5294 l)
366 5225 502 5292 ,alioquin
613 5225 896 5279 excomunicacionis
920 5227 1086 5280 sentencias
1104 5267 1110 5281 .
1125 5266 1132 5280 .
1147 5267 1173 5281 ..
1192 5241 1246 5278 uos
1271 5226 1409 5280 noveritis
1434 5225 1582 5280 incurisse‘
1608 5223 1697 5291 dopld
1716 5225 1764 5279 dle

318 5313 543 5383 predchazejict;
564 5313 653 5378 ,Scire
670 5314 793 5368 debetis*
812 5329 844 5366 se
864 5315 997 5384 vztahuje
1017 5317 1035 5369 k
1054 5315 1275 5386 nasledujicimu
1294 5316 1369 5369 listu.
1442 5373 1447 5380 ,
