3968 5848
881 409 932 458 125

180 633 216 686 et
240 625 424 686 successori
448 632 575 700 nostro,
599 622 734 686 cuilibet
759 623 916 706 Pragensi
939 623 1109 702 episc0p0,
1133 623 1263 686 solvent
1287 623 1371 684 duas
1396 640 1527 684 marcas
1550 621 1630 682 boni

180 741 214 793 et
247 731 368 793 usualis
400 732 530 812 argenti
563 730 736 812 Pragensis
768 731 927 810 ponderis
951 739 985 793 et
1009 739 1144 792 monete
1169 731 1202 792 in
1226 727 1403 791 festivitate
1435 729 1630 791 sanctissimi

181 841 333 916 martyris
350 837 564 916 Wencezlay,
585 847 619 899 et
640 839 683 900 de
703 839 854 919 qualibet
869 838 1043 912 thaberna,
1068 846 1234 918 quotquot
1252 835 1373 898 fuerint
1392 835 1630 912 innodabitur

183 947 280 1008 nobis
304 965 429 1024 porcus
450 945 564 1008 valens
586 945 749 1009 fertonem
770 949 909 1031 argenti,
927 946 954 1008 si
971 955 1144 1026 argentum
1170 963 1231 1024 pro
1257 944 1321 1006 hoc
1345 963 1411 1004 non
1437 943 1631 1005 duxerimus

182 1053 439 1132 acceptandum,
457 1053 521 1116 XII
538 1048 685 1134 (etiam)⁸
706 1053 995 1116 maccellariorum
1021 1053 1096 1116 loca
1122 1071 1239 1114 carnes
1264 1049 1483 1114 vendencium
1508 1049 1630 1111 ibidem

184 1163 367 1223 consistere
392 1155 540 1222 debentb
564 1161 607 1222 ad
633 1163 743 1223 minus
760 1161 853 1223 etde
870 1161 1023 1240 quolibet
1046 1161 1122 1223 loco
1147 1159 1316 1222 annuatim
1342 1157 1474 1220 dabitur
1492 1156 1631 1236 Pragam

183 1269 215 1328 in
239 1269 365 1330 curiam
390 1277 538 1330 nostram
564 1268 697 1347 pondus
721 1269 802 1348 sepi,
823 1269 915 1349 quod
941 1266 1025 1346 lapis
1047 1268 1227 1350 vulgariter
1251 1266 1436 1346 appelatur.
1462 1263 1544 1325 Item
1565 1259 1631 1324 XV

184 1375 336 1438 subsides
360 1383 484 1438 terram
516 1375 679 1438 habentes
709 1374 839 1438 solvent
870 1376 1043 1437 annuatim
1076 1395 1136 1455 per
1169 1373 1332 1436 fertonem
1369 1373 1498 1454 argenti
1522 1380 1555 1432 et
1579 1369 1632 1430 alii

184 1483 347 1555 subsides,
371 1489 561 1564 quotquotc
585 1481 714 1558 suerint,
739 1501 807 1544 non
833 1483 996 1544 habentes
1020 1492 1125 1544 terras
1161 1480 1291 1543 dabunt
1313 1479 1346 1541 in
1369 1477 1456 1541 sesto
1480 1477 1632 1557 predicto

187 1607 242 1666 per
265 1588 369 1652 lotum
395 1590 523 1673 argenti
548 1589 716 1670 qualitatis
744 1599 777 1650 et
800 1591 995 1670 quantitatis
1025 1591 1179 1668 superius
1209 1587 1388 1663 nominate,
1413 1595 1470 1647 aut
1494 1586 1634 1664 quilibet

187 1714 298 1757 eorum
317 1700 435 1760 messis
450 1706 604 1778 tempore
622 1705 725 1759 metet
741 1691 816 1758 xxd
839 1699 976 1776 capecia
994 1697 1173 1758 annuatim.
1195 1693 1475 1774 Quandocunque
1491 1686 1633 1773 aut(em)

188 1802 298 1864 laneos
331 1807 363 1865 in
396 1804 472 1867 loco
505 1805 627 1867 eodem
659 1803 717 1884 (de
748 1805 843 1867 terris
879 1805 911 1866 in
944 1813 1117 1882 posterum
1153 1802 1325 1882 acquisitis
1361 1811 1419 1864 aut
1454 1801 1497 1862 de
1529 1795 1632 1876 hiis),e

188 1929 267 1989 quas
300 1911 464 1974 habemus
499 1913 533 1974 in
568 1911 633 1973 alio
670 1911 747 1974 locu
783 1929 994 1992 quocunque,
1030 1911 1232 1973 voluerimus
1269 1917 1496 1990 augmentare,
1529 1901 1634 1968 civesf

190 2019 326 2095 predicti
370 2020 530 2099 recipient
577 2030 794 2102 augmentum
828 2038 945 2082 eorum
991 2028 1024 2080 et
1060 2019 1210 2098 recipere
1245 2016 1448 2079 tenebuntur
1479 2034 1523 2076 ex
1555 2031 1635 2074 con-

190 2127 346 2188 vencione
370 2127 462 2190 istius
487 2137 679 2190 contractus
704 2127 767 2188 sub
791 2145 895 2189 censu
921 2129 1075 2206 superius
1099 2126 1164 2186 iam
1189 2125 1350 2204 predicto.
1381 2122 1435 2186 Ad
1460 2122 1522 2184 hec
1546 2122 1635 2184 cives

189 2235 246 2311 ipsi
271 2254 333 2313 pro
358 2255 394 2296 se
423 2245 456 2296 et
480 2235 732 2298 successoribus
765 2237 834 2295 suis
866 2233 1069 2313 quibuslibet
1101 2233 1332 2312 promiserunt,
1357 2229 1458 2311 quod,
1482 2227 1633 2308 quando-

189 2359 317 2421 cunque
342 2341 439 2404 nobis
464 2343 625 2423 placuerit
648 2353 682 2404 et
706 2341 871 2402 videbitur
902 2341 1072 2419 expedire,
1096 2340 1330 2401 habitaciones
1361 2356 1439 2399 suas
1467 2335 1509 2397 ad
1533 2335 1634 2396 alium

189 2445 296 2509 locum
327 2449 527 2511 transferent
551 2457 585 2511 et
609 2451 780 2511 civitatem
812 2447 997 2528 predictam
1022 2448 1113 2510 Brod
1138 2449 1170 2508 in
1195 2445 1317 2507 eodem
1349 2444 1424 2506 loco
1452 2444 1545 2504 iuxta
1570 2441 1634 2502 dis·

189 2556 393 2632 posicionem
417 2565 451 2618 et
474 2558 729 2620 ordinacionem
763 2575 883 2631 meam,
907 2565 1007 2635 prout
1039 2554 1156 2617 melius
1187 2554 1342 2634 poterint,
1366 2551 1581 2613 collocabunt
1604 2559 1637 2610 et

190 2661 298 2725 locare
333 2665 397 2726 sub
432 2663 568 2744 prelatis
604 2665 861 2728 condicionibus
897 2662 1077 2726 efficaciter
1110 2663 1338 2735 tenebuntur,⁸
1369 2677 1471 2737 super
1507 2657 1571 2718 lroc
1603 2667 1636 2717 et

189 2771 355 2848 premissis
387 2773 542 2834 omnibus
574 2783 607 2835 et
639 2772 776 2854 singulis
809 2775 1050 2850 premissorum
1082 2761 1322 2831 attendendish
1351 2764 1493 2828 fideliter
1524 2773 1558 2826 et
1590 2766 1637 2824 in·

189 2876 318 2955 plendis
342 2881 440 2942 nobis
457 2893 491 2942 et
507 2879 664 2962 Pragensi
689 2881 830 2943 ecclesie
854 2889 970 2942 nostre
995 2897 1031 2940 se
1056 2887 1089 2938 et
1109 2895 1167 2938 sua
1190 2887 1223 2937 et
1243 2891 1475 2936 successorum
1500 2889 1635 2934 suorum

190 2985 413 3062 quorumlibet
432 3007 494 3049 suo
511 2997 544 3048 et
561 2990 710 3067 ipsorum
736 3005 969 3049 successorum
990 3003 1127 3047 suorum
1149 2983 1283 3045 nomine
1303 3001 1362 3061 per
1382 2979 1635 3058 stipulacionem

189 3091 380 3173 legittimam
406 3093 602 3179 obligantes.
627 3094 752 3157 Datum
777 3105 839 3157 etc.

293 3267 354 3321 Fol.
374 3271 418 3321 23‘
438 3269 460 3324 ὅ.
483 3274 542 3335 156,
561 3270 607 3323 tei
623 3286 642 3322 v
661 3269 801 3337 rukopise
820 3269 952 3337 kapituly
966 3267 1091 3322 Praislre
1107 3265 1120 3334 J
1139 3263 1185 3318 ⁴0¹²
1205 3263 1253 3318 iol.
1273 3265 1335 3317 271'
1355 3260 1491 3330 (Palacky
1511 3259 1636 3314 Formel·

191 3356 299 3410 bucher
319 3357 342 3410 ll
361 3365 395 3412 st.
416 3359 488 3425 210).
509 3357 535 3412 Ο
555 3359 809 3428 chronologiclcem
830 3357 962 3412 omezeni
982 3358 1082 3410 rolrem
1103 3361 1172 3408 1290
1192 3370 1267 3410 arou.
1287 3351 1365 3406 duod
1386 3351 1453 3403 113,

880 3646 950 3708 157.

393 3788 516 3869 Br'skup
546 3788 659 3852 Tobiae
678 3788 828 3870 proddvu'
852 3789 1135 3869 nejmrnovamlmu
1153 3785 1217 3866 pall
1237 3787 1290 3844 usi
1314 3781 1442 3844 Virovic.

1248 3942 1265 4024 (
1268 3940 1532 4021 r279—129u.>).

291 4094 483 4174 Episcopus
508 4095 663 4168 notificat,
691 4094 782 4174 quod
807 4092 956 4153 vendidit
980 4090 1123 4151 mediam
1149 4096 1279 4168 partem
1305 4085 1378 4148 ville
1403 4085 1533 4146 cuidam

615 4223 660 4264 ex
685 4221 822 4278 assensu
847 4199 983 4280 capituli
1008 4197 1218 4258 hereditarie.

301 4345 336 4406 ln
368 4347 502 4408 nornine
535 4346 661 4409 domini
693 4365 800 4407 amen.
849 4342 921 4405 Nos
954 4333 1144 4420 Th(0bias)i
1181 4339 1234 4399 dei
1271 4339 1386 4418 gracia
1418 4345 1533 4396 notum
1568 4353 1641 4394 esse

194 4453 343 4515 volumus
379 4453 539 4515 universis
574 4461 746 4532 presentes
780 4451 905 4513 litteras
941 4448 1148 4525 inspecturis
1181 4443 1274 4524 quod
1306 4461 1369 4504 nos
1400 4440 1442 4502 de
1475 4438 1643 4500 communi

196 4559 439 4622 honorabilium
464 4561 610 4623 virorum
636 4561 762 4622 domini
779 4551 925 4638 Wl(rici)
950 4553 1121 4635 prepositi,
1146 4549 1293 4632 magistri
1316 4544 1498 4628 G(regorii)
1522 4547 1643 4607 decani

196 4685 233 4728 ac
255 4671 365 4729 tocius
389 4667 540 4729 eiusdem
566 4668 705 4730 ecclesie
729 4675 844 4730 nostre
869 4663 1007 4743 capituli
1036 4653 1269 4723 connivenciaj
1287 4666 1333 4718 'et
1357 4673 1503 4722 assensu.
1528 4653 1643 4715 condi·

197 4775 324 4837 cionem
349 4776 452 4855 ipsius
477 4775 619 4838 ecclesie
643 4785 767 4850 nostre,
788 4781 938 4834 nostram
963 4779 996 4833 et
1021 4785 1253 4832 successorum
1279 4776 1469 4826 nostrorum
1495 4764 1643 4824 omnium

198 4924 408 4937 ψ

302 4989 329 5058 a)
349 4989 503 5058 Doplneno
522 4991 569 5045 dle
589 4988 660 5056 Kap.
674 4987 696 5056 J.
717 5016 750 5025 -
769 4983 801 5054 b)
819 4983 926 5044 ,debet‘
941 4981 989 5041 ln,
1009 4979 1136 5042 ,debent‘
1157 4978 1229 5044 Kap.
1243 4976 1264 5045 J.
1286 5003 1318 5014 -
1338 4975 1366 5041 cl
1384 4981 1581 5043 ,quocunque
1595 4971 1645 5030 ln,

199 5085 357 5148 ‚quotquot‘
388 5081 462 5146 Kap.
473 5079 496 5148 J.
525 5107 559 5118 -
588 5080 618 5146 d)
647 5083 684 5142 ,κ’
705 5073 776 5144 Kap.
791 5075 813 5144 J.
833 5103 867 5112 -
888 5071 915 5139 e)
936 5069 1088 5138 Doplndno
1114 5067 1161 5122 dle
1189 5065 1295 5134 Kap.J.
1321 5081 1339 5117 v
1359 5064 1398 5117 ln.
1419 5063 1532 5115 vazbou
1560 5060 1646 5112 seiiz-

200 5176 274 5223 nuto.
302 5199 335 5208 -
362 5169 383 5238 s)
409 5171 498 5234 ,civis‘
525 5170 573 5230 ln.,
600 5170 696 5233 ,cives⁸
727 5167 798 5233 Kap.
820 5165 842 5234 J.
873 5191 905 5202 -
935 5161 963 5231 g)
989 5159 1147 5222 ,tenebunt‘
1173 5157 1223 5222 ln,
1254 5155 1449 5220 ,tenebuntur‘
1475 5150 1547 5217 Kap.
1565 5149 1585 5218 J.
1614 5176 1646 5185 -

199 5257 226 5325 h)
245 5261 448 5324 ,attendentes‘
468 5259 508 5312 ln.
533 5288 561 5296 -
585 5257 604 5326 i)
625 5256 683 5324 ,Jof
698 5256 770 5323 Kap.
784 5254 807 5324 J.
825 5282 854 5292 -
869 5253 890 5320 jl
906 5249 1129 5316 ,conveniencia‘
1149 5247 1198 5310 ln,
1218 5243 1424 5306 ,connivencia‘
1444 5239 1517 5307 Kap.
1531 5238 1553 5306 J.
