4008 5846
311 813 459 894 Prarsky‘
477 813 610 896 probast
636 813 771 878 Oldr'iclz
795 837 816 876 a
835 814 965 894 proboit
986 835 1007 876 v
1033 813 1164 878 Sadske'
1179 814 1250 888 Jan
1274 813 1426 894 vyndiry'r'
1444 811 1603 875 rozsudek
1616 809 1754 893 Jukoito

310 919 466 983 rochodlr'
484 941 522 983 ve
536 931 634 1003 sporn
657 920 791 1002 biskupa
821 921 851 984 T
846 921 952 984 obidie
974 942 991 982 s
1007 919 1208 1003 arcijcilznem
1224 919 1406 1001 Bilinsky'm
1421 920 1571 994 Havlem,
1586 918 1753 980 vedoucr'm

310 1047 390 1091 svou
412 1031 472 1108 pr'z'
493 1029 579 1108 pred
607 1037 730 1109 opatem
761 1027 906 1091 kldltera
938 1013 1113 1092 Skotske'lro
1144 1049 1181 1090 ve
1211 1028 1317 1105 Vidni,
1339 1029 1411 1110 jesii
1441 1025 1625 1089 ustanovila
1655 1025 1752 1098 kurr'e,

482 1134 543 1216 aby
561 1136 701 1218 provcdl
721 1137 868 1198 restitucz'
888 1135 996 1198 statkri
1020 1136 1228 1218 arct'sdlznovz'
1248 1134 1394 1197 Havlovi
1415 1133 1582 1214 odaary'clz.

1157 1329 1188 1392 V
1206 1331 1318 1404 Prusa,
1344 1327 1432 1392 1287
1452 1330 1563 1392 kvlten
1586 1330 1640 1393 24.

623 1526 881 1589 instrumentum
906 1528 999 1606 pacis
1025 1527 1218 1589 ordinande.

417 1667 489 1730 Nos
512 1671 729 1732 miseracione
754 1670 862 1731 divina
899 1665 1077 1750 Vllricus)¹
1103 1669 1275 1752 Pragensis
1300 1677 1334 1730 et
1357 1671 1513 1749 magister
1536 1661 1754 1748 Jolhannes)b

308 1771 483 1838 Saccensis
517 1777 731 1838 ecclesiarum
768 1778 938 1856 prepositi,
971 1777 1085 1839 arbitri
1117 1778 1185 1838 sive
1217 1777 1436 1838 arbitratores
1468 1795 1528 1836 seu
1559 1773 1752 1836 amicabiles

308 1882 551 1958 compositores
576 1883 672 1945 electi
697 1893 730 1945 et
754 1883 915 1964 assumpti
948 1887 990 1946 ab
1020 1883 1275 1947 honorabilibus
1298 1886 1383 1960 viris,
1416 1885 1571 1946 videlicet
1594 1884 1751 1964 magistro

308 1983 450 2072 (3(ει110)ο
484 1990 733 2068 archidyacono
770 1991 935 2054 Belinensi
970 2011 1015 2053 ex
1047 2011 1112 2054 una
1154 2000 1249 2071 parte
1282 2013 1320 2054 ac
1354 1985 1578 2075 Ra(potone)d
1611 1991 1751 2053 doctore

307 2095 528 2173 decretorum,
545 2098 719 2180 Pragensis
736 2107 770 2161 et
786 2098 1084 2180 Wyssegradensis
1101 2099 1318 2161 ecclesiarum
1335 2101 1508 2176 canonico,
1533 2106 1752 2180 procuratore

307 2205 478 2266 reverendi
502 2207 535 2266 in
560 2202 692 2268 Christo
717 2208 821 2285 patris
852 2215 885 2267 et
909 2207 1035 2267 domini
1067 2207 1171 2268 nostri
1203 2205 1328 2268 domini
1352 2200 1528 2289 Th(obie)e
1559 2205 1613 2267 dei
1638 2207 1750 2286 gracia

307 2309 480 2395 Pragensis
508 2314 669 2392 episcopi,
700 2313 834 2375 nomine
867 2322 900 2375 et
923 2316 994 2374 vice
1027 2333 1066 2376 ac
1091 2334 1151 2394 pro
1185 2323 1280 2390 parte
1312 2307 1476 2375 eiusdems
1498 2312 1622 2374 domini
1647 2313 1751 2374 nostri

307 2437 351 2479 ex
374 2419 477 2481 altera
500 2439 602 2499 super
627 2421 682 2482 lite
707 2429 739 2481 et
763 2439 864 2482 causa
881 2422 1114 2500 componenda
1132 2432 1165 2482 et
1180 2421 1353 2500 sopienda,
1369 2438 1471 2499 quam
1488 2418 1577 2481 idem
1594 2423 1751 2500 magister

306 2523 462 2604 Glallus)⁸
485 2529 577 2590 dicto
594 2528 731 2590 domino
756 2539 872 2590 nostro
897 2528 1051 2610 Pragensi
1075 2529 1233 2590 movebat
1256 2546 1370 2588 coram
1394 2525 1572 2588 venerabili
1596 2529 1666 2588 viro
1691 2527 1750 2588 do-

307 2635 399 2695 mino
424 2637 548 2697 abbate
580 2633 759 2698 Scotorum
792 2636 834 2697 de
861 2630 1039 2714 Wyennat,
1071 2635 1181 2696 iudice
1206 2655 1225 2696 a
1249 2629 1340 2697 sedei
1373 2634 1559 2713 apostolica
1582 2633 1748 2712 delegato,

306 2759 406 2817 super
434 2740 586 2804 iacienda
615 2742 677 2804 sibi
711 2743 925 2804 restitucione
954 2743 1164 2821 quorundam
1198 2743 1373 2816 bonorum,
1398 2741 1529 2803 decime
1558 2762 1597 2804 ac
1621 2760 1749 2816 census,

306 2850 553 2924 pertinencium,
570 2859 605 2910 ut
622 2849 763 2926 dicebat,
781 2851 825 2912 ad
841 2850 1161 2926 archidyaconatum
1181 2868 1277 2911 suum
1294 2847 1502 2910 Belinensem
1525 2861 1558 2910 ct
1573 2847 1748 2910 ecclesiam

306 2973 399 3016 suam
423 2957 528 3018 sancti
553 2957 730 3018 Adalberti
754 2958 785 3019 iu
811 2953 1026 3038 Hraldek)l¹)
1052 2968 1085 3018 et
1108 2957 1151 3018 ad
1175 2957 1382 3035 prebendam
1408 2957 1513 3016 sancti
1538 2955 1647 3036 Egidii
1672 2955 1748 3016 Pra-

304 3065 424 3143 gensiS‚
454 3058 533 3126 sibik
559 3063 757 3136 ablatorum,
789 3074 826 3125 ut
849 3066 1029 3139 asserebat,
1061 3085 1120 3144 per
1155 3065 1341 3142 predictum
1377 3063 1552 3125 dominum
1588 3073 1747 3124 nostrum.

304 3164 446 3252 Cognita
470 3181 581 3233 autem
606 3172 796 3234 intencione
820 3173 991 3252 utriusque
1015 3171 1125 3250 partis,
1151 3171 1313 3250 inquisitis
1337 3169 1464 3247 (cause)
1489 3165 1622 3232 meritis1
1646 3179 1679 3231 et
1694 3189 1748 3231 ve-

304 3277 399 3338 ritate
424 3289 524 3357 prout
548 3278 665 3340 melius
696 3281 867 3356 potuimus
899 3279 1065 3360 indagata,
1089 3278 1331 3340 consideratism
1357 3279 1457 3338 etiam
1486 3277 1747 3340 circumstanciis

302 3383 507 3464 quibuslibet
530 3395 563 3446 et
580 3405 799 3465 personarum
823 3405 863 3448 ac
880 3389 1009 3468 negocii
1034 3385 1194 3467 qualitate
1217 3386 1380 3464 inspecta,
1403 3383 1649 3446 deliberacione
1673 3402 1747 3464 pre·

303 3490 416 3552 habita
441 3491 589 3573 diligenti
613 3502 647 3555 et
671 3496 902 3556 comunicato¹¹
924 3492 1064 3555 consilio
1097 3497 1294 3572 sapientum,
1319 3493 1492 3568 cupientes
1516 3492 1608 3552 litem
1633 3491 1747 3552 huius-

302 3599 395 3660 modi
419 3601 614 3682 extinguere
639 3611 672 3662 et
695 3603 920 3664 controversie
945 3601 1045 3663 finem
1077 3603 1249 3679 imponere
1273 3619 1312 3660 ac
1337 3600 1526 3678 predictum
1550 3601 1744 3679 magistrum

302 3701 462 3788 G(allum)
487 3709 519 3769 in
537 3709 681 3788 graciam
698 3707 837 3785 prefacti
861 3707 1027 3787 pontificis
1052 3719 1084 3770 et
1100 3716 1225 3769 statum
1249 3725 1346 3768 sunm
1370 3705 1402 3767 in
1419 3705 1536 3767 melius
1557 3704 1746 3779 reformare,

302 3813 517 3876 auctoritate⁰
543 3815 642 3877 nobis
673 3833 835 3878 concessa
863 3816 894 3875 in
921 3815 982 3876 hiis
1014 3814 1146 3891 scriptis
1179 3811 1350 3875 diffinitive
1381 3815 1650 3892 pronunciamus,
1683 3819 1748 3874 sta·

301 3923 425 3982 tuimus
450 3929 484 3982 et
507 3920 692 3996 laudamus,
716 3930 752 3983 ut
775 3929 851 3982 ante
875 3923 987 3983 omnia
1011 3921 1101 3984 idem
1126 3921 1283 3984 dominus
1314 3930 1430 3984 noster
1454 3919 1563 3981 eidem
1588 3921 1746 4001 magistro

301 4023 429 4108 Glallo)
454 4029 597 4108 graciam
631 4039 664 4089 et
687 4026 833 4089 savorem
858 4047 955 4090 suum
981 4031 1135 4091 restituat
1165 4031 1274 4108 sitque
1297 4028 1358 4089 sibi
1390 4029 1560 4108 graciosus
1593 4027 1747 4089 dominus

301 4144 334 4195 et
357 4134 446 4196 idem
480 4135 637 4214 magister
668 4131 810 4216 G(allus)
835 4135 945 4196 eidem
977 4135 1116 4197 domino
1140 4145 1257 4196 nostro
1282 4153 1321 4196 ac
1346 4155 1417 4208 suo,
1449 4135 1534 4195 sicut
1566 4135 1674 4208 decet,
1704 4136 1746 4196 sit

300 4239 443 4301 devotus
475 4241 517 4302 de
549 4252 662 4302 cetero
695 4249 728 4302 et
752 4243 932 4304 subditusl'.
980 4241 1022 4304 Et
1058 4242 1137 4305 licet
1169 4243 1313 4304 sciamus
1345 4241 1571 4304 indubitanter
1603 4241 1746 4302 eundem

299 4347 471 4408 dominum
507 4355 659 4410 nostrum
696 4349 819 4410 debere
855 4349 964 4412 lacere
997 4371 1016 4410 a
1040 4369 1076 4411 se
1100 4350 1184 4428 ipso,
1215 4360 1327 4410 tamen
1359 4369 1403 4410 ex
1432 4348 1742 4428 superhabundanti

406 4546 433 4598 a)
453 4539 506 4602 ,Vl
526 4541 574 4602 ln..
595 4540 727 4604 ,Vlricus‘
746 4541 803 4594 Mn.
835 4571 864 4578 -
895 4540 925 4608 b)
945 4556 1026 4610 ,mag
1045 4541 1088 4610 Jo‘
1114 4541 1163 4600 In,
1185 4540 1348 4607 ,Johannes‘
1373 4539 1429 4604 Mn,
1456 4555 1536 4609 ,mag
1564 4539 1597 4594 G.
1617 4541 1746 4593 decanus

299 4635 328 4680 et
346 4628 388 4696 Jo‘
408 4627 480 4697 Kap.
500 4629 522 4700 J.
556 4660 582 4667 —
615 4629 641 4698 c)
662 4629 705 4692 ,G‘
732 4631 781 4687 In..
808 4627 908 4695 ,Gallo‘
934 4631 998 4688 Mn..
1025 4629 1061 4694 ,S.
1082 4631 1190 4684 archid.
1210 4645 1247 4682 ex
1267 4631 1334 4683 una‘
1363 4629 1434 4696 Kap.
1454 4629 1475 4698 J.
1505 4658 1537 4667 —
1568 4630 1598 4696 d)
1618 4631 1677 4693 ,Ra‘
1698 4628 1747 4690 ln..

298 4716 467 4785 ,Rapotone‘
489 4718 544 4774 Mn.
572 4749 604 4758 —
630 4719 657 4786 e)
677 4719 727 4787 ,Jo‘
747 4719 848 4787 Kap.]
875 4749 904 4756 -
927 4719 948 4776 n
969 4721 1048 4782 ,eius‘
1069 4720 1116 4780 ln..
1137 4721 1289 4784 ‚eiusdem‘
1308 4719 1366 4773 Mn.
1394 4748 1426 4758 -
1447 4735 1476 4788 gr
1496 4717 1539 4783 ,G‘
1558 4719 1608 4779 In.,
1629 4717 1746 4783 ,Gallus‘

297 4805 361 4871 Mn..
381 4807 389 4858 i
408 4823 426 4859 v
445 4809 652 4878 nasledujlcich
672 4808 831 4876 pilpadech
852 4810 898 4862 ma
917 4809 956 4863 ln.
975 4810 1023 4880 jen
1045 4807 1087 4870 G,
1107 4809 1213 4862 kdeito
1235 4809 1292 4862 Mn.
1313 4811 1374 4862 cele
1391 4811 1498 4878 jmeno,
1518 4807 1554 4871 ,S‘
1575 4808 1647 4874 Kap.
1661 4807 1676 4877 J
1691 4807 1744 4862 zde

296 4896 420 4966 idoleji.
450 4926 482 4936 -
502 4895 531 4965 b)
551 4896 654 4951 Senazr
673 4913 691 4948 v
710 4896 784 4963 Kap.
804 4898 825 4965 J.
857 4926 889 4936 -
919 4898 938 4966 i)
958 4899 1078 4962 ,sedete‘
1104 4900 1153 4962 ln,
1178 4898 1267 4960 ,sede‘
1294 4899 1403 4952 ostatni
1425 4899 1467 4952 rk.
1497 4927 1530 4936 -
1557 4897 1578 4967 j)
1598 4897 1675 4960 ,Hra‘
1695 4897 1745 4960 In,

296 4985 434 5047 ,Hradek‘
462 4986 516 5052 Mn,
544 5003 573 5048 ,s
600 4987 643 5039 Al.
669 4987 707 5038 in‘
729 4985 801 5054 Kap.
821 4987 843 5056 J.
873 5017 906 5024 -
936 4989 965 5054 k)
985 4989 1090 5055 ,super‘
1116 4987 1164 5050 ln,
1192 4988 1247 5039 Mn.
1275 4989 1282 5039 i
1309 4987 1380 5054 Kap.
1406 4988 1429 5056 J,
1456 4987 1528 5047 ,sibi‘
1552 4985 1625 5054 Kap.
1651 4985 1686 5040 Κ.
1704 5007 1746 5023 ·-

295 5075 314 5134 l)
335 5091 431 5140 ,cause
450 5085 480 5128 et
499 5077 616 5129 meritis‘
638 5075 695 5128 Mn.
716 5105 748 5114 -
776 5074 814 5144 nr)
835 5075 1020 5138 ,consideras‘
1040 5077 1088 5136 In..
1109 5076 1319 5140 ,consideratis‘
1339 5076 1395 5130 Mn.
1418 5105 1442 5114 -
1473 5087 1501 5141 n)
1521 5075 1677 5139 ,canonico‘
1697 5075 1746 5139 In,

296 5165 499 5230 ,comunicato‘
526 5165 583 5218 Mn.
609 5168 618 5216 i
645 5164 719 5232 Kap.
738 5167 760 5235 J.
790 5195 823 5204 -
853 5164 882 5236 o)
909 5175 968 5228 ,aut
993 5168 1121 5219 caritate‘
1147 5166 1195 5226 ln..
1222 5166 1414 5230 ‚auctoritate‘
1439 5165 1495 5218 Mn.
1522 5165 1531 5218 i
1556 5163 1622 5232 Kap
1657 5164 1692 5218 Κ.
1714 5195 1743 5202 -

294 5255 323 5315 p)
349 5254 518 5318 ,subiectus‘
546 5255 601 5308 Mn.
630 5255 638 5306 i
665 5255 722 5308 oba
746 5253 820 5323 Kap.
