4008 5846
1052 375 1086 424 32

349 601 468 664 minori
492 598 654 660 munitum
685 602 871 658 memorato
903 590 1041 652 domino
1074 589 1236 668 episcopo
1260 595 1292 646 et
1316 581 1443 664 prefate
1468 581 1610 644 ecclesie
1633 597 1691 642 sue
1717 577 1791 638 Pra-

348 709 438 788 gensi
464 703 642 768 liberaliter
664 699 804 764 lecimus
828 697 978 780 asignari.
1004 697 1128 760 Datum
1152 710 1199 756 oc.

458 897 519 951 Fol.
545 899 570 950 5⁴
598 895 621 950 ὅ.
646 900 690 958 33,
716 893 761 946 tei
787 909 804 945 v
830 892 968 960 rukopise
996 889 1126 958 kapituly
1152 887 1276 942 Praiske
1298 885 1312 954 J
1333 883 1380 938 ⁴0b
1409 883 1455 938 lol.
1481 887 1541 936 273.
1573 881 1686 936 Rolrem
1716 885 1793 938 12911,

351 992 463 1059 kterym
483 985 639 1055 plestavaji
659 983 773 1039 domici
792 981 879 1052 valky
897 997 916 1033 v
936 965 1070 1035 (lechach
1084 996 1101 1033 a
1114 977 1219 1032 hlavnd
1238 973 1388 1043 pustosenl
1400 972 1599 1042 biskupslrych
1610 967 1718 1034 statlrrl,
1737 969 1795 1022 dan

350 1078 378 1145 je
397 1077 499 1130 termin
519 1075 556 1130 ad
578 1091 673 1143 quem.
711 1073 831 1142 Neilepe
856 1072 895 1141 by
914 1085 947 1124 se
974 1069 1072 1124 hodila
1102 1077 1164 1121 tato
1183 1067 1278 1120 listina
1306 1065 1346 1118 do
1365 1064 1405 1117 let
1425 1064 1494 1116 1288
1514 1077 1531 1115 a
1553 1063 1630 1125 1289,
1660 1060 1718 1129 kdy
1738 1059 1793 1126 pil·

353 1168 468 1220 vrienci
487 1165 587 1218 Zavile
607 1181 621 1216 z
641 1161 846 1230 Falkenstejna
865 1159 960 1214 valtili
980 1175 994 1212 s
1013 1160 1168 1226 bislrupem
1188 1153 1353 1210 Tobiasem.

462 1309 483 1376 ¹)
502 1292 635 1360 Cervena
653 1289 759 1358 Recine
779 1319 797 1355 u
818 1287 920 1356 Zeliva.

1049 1643 1101 1704 34.

354 1823 476 1902 Biskup
506 1825 621 1888 Tobr'di
648 1824 817 1907 potvrzuje
842 1820 1050 1902 privilegium
1083 1820 1170 1882 dan!
1199 1818 1446 1882 dominilra'mlm
1477 1817 1522 1879 od
1542 1817 1677 1901 biskupa
1705 1817 1797 1891 Jana

907 1949 932 1990 r.
959 1925 1050 1992 1275
1069 1928 1172 1990 rinora
1195 1928 1249 1990 28.

1411 2067 1442 2132 V
1459 2069 1569 2142 Praze,
1595 2019 1690 2134 1279.

449 2270 642 2332 Renovacio
668 2267 824 2350 privilegii
849 2267 1118 2331 confirmacionis
1142 2267 1268 2328 ordinis
1292 2265 1430 2328 fratrum
1454 2268 1712 2345 predicatorum,

492 2373 550 2457 (ita
575 2377 667 2456 quod
693 2377 818 2438 debent
842 2375 1050 2454 penitencias
1075 2373 1247 2455 iniungere
1271 2368 1502 2454 hominibusi*

463 2531 663 2620 Th(obias)¹’
683 2537 739 2598 dei
770 2535 883 2619 gracia
908 2535 1081 2616 Pragensis
1112 2535 1292 2614 episcopus
1322 2534 1483 2596 universis
1506 2535 1696 2611 abbatibus,
1727 2554 1799 2614 pre-

359 2647 486 2728 positis
522 2646 667 2718 decanis,
699 2641 955 2717 archidiaconis,
991 2643 1165 2720 prioribus,
1200 2641 1337 2704 decanis
1372 2643 1480 2718 etiam,
1506 2643 1562 2722 qui
1586 2643 1675 2704 vices
1698 2643 1800 2704 archi·

358 2757 577 2818 diaconorum
602 2759 730 2834 gerunt,
754 2750 906 2830 plebanis
930 2757 964 2810 et
980 2768 1097 2812 eorum
1120 2749 1251 2811 vicariis
1273 2749 1306 2809 in
1325 2759 1439 2811 nostra
1451 2751 1585 2812 civitate
1608 2760 1641 2812 et
1665 2751 1803 2829 dyocesi

359 2860 546 2924 constitutis
576 2859 718 2920 salutem
749 2859 781 2918 in
806 2857 955 2918 domino¹
997 2855 1123 2918 Notum
1155 2860 1197 2918 sit
1220 2857 1315 2918 vobis
1339 2859 1465 2937 scripto
1496 2859 1651 2938 presenti,
1682 2858 1802 2921 vidisse

360 2987 422 3030 nos
453 2978 487 3028 et
511 2965 686 3047 diligenter
722 2963 935 3042 perspexisse
971 2963 1138 3026 exhibitas
1170 2965 1268 3027 nobis
1304 2983 1363 3043 per
1387 2967 1531 3044 priorem
1568 2965 1804 3044 provincialem

361 3074 512 3138 Poloniec
535 3066 690 3135 fratrumd
712 3071 838 3133 ordinis
856 3069 1104 3148 predicatorum
1133 3073 1256 3132 litteras
1280 3071 1385 3133 lelicis
1408 3073 1656 3136 recordacionis
1680 3073 1805 3136 domini

360 3177 555 3264 Jo(hannis),
580 3177 828 3257 predecessoris
853 3180 966 3254 nostri,
989 3196 1058 3239 non
1083 3179 1230 3254 viciatas,
1255 3181 1379 3240 nonin
1404 3179 1515 3260 aliqua
1529 3181 1579 3242 sui
1604 3191 1698 3259 parte
1722 3182 1802 3241 abo-

361 3291 444 3365 litas,
468 3289 501 3349 in
525 3287 646 3365 quibus
670 3286 904 3348 continebatur
929 3286 971 3349 de
995 3287 1098 3348 verbo
1123 3286 1166 3347 ad
1191 3287 1329 3348 verbum
1353 3288 1414 3348 iste
1438 3294 1560 3348 tenor.e

470 3411 634 3473 Volentes
658 3412 756 3492 igitur
787 3411 819 3472 in
845 3409 908 3472 hac
933 3426 1027 3489 parte
1059 3414 1164 3472 nostri
1198 3411 1446 3491 predecessoris
1478 3413 1629 3476 inherere
1662 3413 1805 3496 vestigiis

364 3521 408 3580 ob
433 3519 658 3580 reverenciam
683 3518 809 3580 ordinis
840 3515 980 3579 fratrum
1005 3518 1265 3595 predicatorum,
1297 3538 1396 3600 quem
1422 3520 1467 3580 ob
1491 3522 1597 3582 zelum
1623 3523 1807 3583 animarum

363 3639 396 3688 et
419 3625 561 3688 salutem
578 3625 737 3686 diuinitus
754 3625 920 3686 credimus
937 3627 1135 3700 institutum,
1161 3625 1281 3688 eadem
1298 3635 1332 3688 et
1348 3627 1470 3688 eodem
1496 3627 1613 3690 ordine
1630 3632 1807 3700 sancimus,

363 3753 428 3815 que
453 3733 605 3812 superius
621 3742 698 3794 sunt
721 3741 879 3812 pretacta.
905 3731 1005 3794 Unde
1022 3743 1055 3795 et
1078 3733 1168 3812 ipsas
1185 3737 1372 3796 sentencias
1389 3755 1408 3796 a
1423 3735 1664 3815 predecessore
1688 3746 1805 3800 nostro

362 3842 395 3902 in
420 3843 577 3918 pretactis
600 3838 746 3902 articulis
763 3839 845 3900 latas
868 3849 902 3900 et
924 3839 1122 3902 innovamus
1146 3849 1179 3902 et
1196 3843 1404 3920 presencium
1422 3844 1623 3906 auctoritate
1646 3847 1680 3906 in
1703 3845 1806 3906 omni·

365 3951 428 4011 bus
453 3947 688 4010 confirmamus
721 3956 755 4009 et
779 3947 874 4028 sigilli
900 3949 1005 4008 nostri
1037 3948 1220 4010 munimine
1244 3947 1309 4010 hoc
1335 3951 1451 4028 ipsum,
1482 3951 1573 4032 quod
1600 3951 1653 4013 hic
1677 3953 1808 4014 firmum

365 4075 439 4118 esse
470 4056 631 4130 volumus,
665 4055 874 4116 roboramus.
916 4047 1053 4116 Datum‘
1080 4053 1184 4137 Prage
1220 4073 1308 4116 anno
1344 4055 1471 4118 domini
1495 4054 1683 4122 Mchxx
1707 4078 1808 4130 nono,

368 4162 579 4241 pontificatus
605 4163 709 4224 nostri
733 4180 822 4223 anno
847 4162 964 4238 primo.

473 4371 740 4434 1016131111
761 4388 777 4422 v
799 4373 840 4424 rlr.
861 4371 991 4440 kapituly
1013 4369 1137 4426 Praiske
1155 4372 1169 4441 J
1188 4369 1235 4425 ⁴0b
1262 4371 1308 4426 sol.
1329 4376 1399 4426 2117.Ι

476 5051 503 5119 a)
523 5051 678 5118 Doplneno
705 5051 754 5103 dle
781 5049 898 5120 Kap.J.,
923 5067 940 5103 11
966 5051 1006 5104 111.
1032 5051 1144 5104 vazbou
1170 5049 1325 5104 seliznuto.
1346 5079 1378 5088 -
1399 5052 1430 5114 b)
1456 5051 1618 5119 ‚Johannes‘
1649 5053 1722 5119 Kap.
1734 5053 1755 5120 J.
1776 5081 1808 5090 —

370 5139 396 5209 c)
416 5139 519 5194 Schazi
538 5155 556 5192 v
574 5139 648 5206 Kap.
660 5137 682 5206 J.
703 5167 736 5177 -
756 5138 787 5203 d)
808 5137 943 5202 ,iratrem‘
964 5140 1004 5193 ln.
1025 5169 1056 5178 -
1078 5143 1105 5200 el
1123 5139 1321 5194 lnserouanou
1347 5140 1442 5194 listinu
1469 5141 1512 5194 viz
1532 5141 1591 5209 pod
1618 5141 1688 5196 nisi.
1709 5142 1757 5195 dis.
1779 5171 1809 5180 -

370 5229 391 5298 1)
412 5231 466 5282 Bea
487 5229 622 5282 datovanl
642 5228 712 5294 Kap.
726 5226 748 5295 J.
