3968 5848
871 394 921 444 101

177 609 335 688 impediat
367 611 552 670 animarum
589 617 707 670 contra
743 608 1020 670 consuetudinem
1056 605 1318 669 ecclesiasticam
1354 607 1555 668 laudabilem
1587 617 1621 668 et

180 717 360 788 honestam,
392 715 436 777 ad
461 717 556 777 cuius
588 715 841 777 observanciam
873 714 989 777 fideles
1021 711 1142 776 Christi
1174 717 1250 795 cogi
1275 723 1416 792 possunt
1438 721 1471 774 et
1494 714 1620 775 debent

179 824 420 884 racionabiliter
451 831 553 903 atque
585 824 681 897 iuste,
716 823 958 885 discrecionem
994 829 1137 882 vestram
1173 839 1350 882 monemus
1382 831 1415 882 et
1448 820 1620 882 hortamur

179 941 311 1006 attente,
327 931 360 992 in
378 931 608 993 remissionem
626 941 811 992 vestrorum
835 929 930 991 vobis
954 930 1184 1007 peccaminum
1201 927 1388 990 distrIccins
1408 929 1622 1009 iniungentes,

178 1051 341 1118 quatenus
357 1039 544 1118 predictum
565 1047 724 1100 statutum
743 1048 870 1099 vetrum
896 1045 929 1097 et
957 1037 1221 1114 prohibicionem
1238 1039 1390 1114 superius
1407 1039 1621 1109 nominatam,

178 1166 248 1207 curn
281 1156 400 1207 contra
431 1147 594 1208 iusticiam
627 1153 659 1206 et
683 1145 867 1206 libertatem
901 1143 1161 1206 ecclesiasticam
1193 1142 1283 1204 nulla
1316 1143 1454 1205 honesta
1485 1146 1620 1204 racione

178 1254 325 1314 inventur
365 1252 446 1314 inira
487 1251 566 1313 VIII
600 1253 729 1314 dierum
761 1253 912 1330 spacIum
946 1271 964 1311 a
1001 1251 1199 1330 recepcione
1231 1253 1438 1329 presencium
1470 1270 1528 1328 per
1562 1269 1622 1312 vos

176 1361 262 1438 ipsos
291 1359 454 1420 revocetIs
486 1369 519 1420 et
544 1359 692 1420 revocari
716 1361 826 1421 taliter
858 1358 993 1432 faciatis,
1025 1359 1116 1439 qnod
1150 1357 1298 1438 predicte
1330 1357 1522 1420 oblaciones
1554 1377 1619 1418 non

178 1468 400 1544 impediantur
423 1465 492 1527 heri
510 1469 542 1528 in
560 1468 733 1528 missarum
752 1468 932 1544 principiis
957 1465 1016 1526 sed
1033 1467 1151 1543 pocius
1168 1463 1406 1544 permittantur,
1431 1483 1492 1525 nec
1509 1465 1619 1542 ahqna

177 1573 477 1635 ecclesiasticorum
505 1574 623 1634 inrinm
648 1571 831 1635 defalcacio
855 1572 1015 1635 toleretur
1037 1575 1131 1633 iuxta
1148 1570 1318 1632 salubrem
1342 1572 1620 1632 consuetudinem

178 1683 240 1740 iam
264 1680 462 1758 predictam,
486 1680 634 1760 alioquin
660 1691 804 1742 vestrum
829 1689 920 1742 tante
945 1680 1140 1740 temeritatis
1164 1698 1342 1742 excessum
1368 1678 1564 1760 sacrilegum
1587 1687 1620 1740 et

178 1785 352 1865 prolanum
377 1797 514 1865 propter
538 1787 654 1849 salutis
678 1795 711 1848 et
729 1787 867 1850 honoris
891 1791 995 1850 nostri
1020 1785 1232 1864 dispendInm
1258 1785 1467 1848 dissimulare
1492 1785 1621 1847 diucius

178 1913 242 1955 non
266 1894 422 1968 valentes,
447 1903 570 1956 extunc
590 1897 685 1956 vobis
702 1903 735 1956 et
751 1895 913 1956 universis
929 1895 1046 1956 vestris
1063 1894 1253 1956 hominibus
1271 1914 1310 1955 ac
1328 1892 1457 1954 familiis
1475 1893 1619 1954 divinum

179 1999 411 2062 interdicemus
435 1997 578 2062 ollicinm
596 2011 629 2062 et
645 2005 796 2063 universa
819 2012 930 2080 preter
947 2001 1114 2082 baptisma
1132 2001 1346 2079 parvulorum
1364 2011 1397 2062 et
1415 2001 1620 2080 penitencias

179 2110 392 2170 moriencium
419 2109 647 2170 ecclesiastica
672 2119 888 2182 sacramenta,
918 2109 962 2170 ita
987 2109 1078 2187 quod
1103 2121 1163 2170 nec
1189 2119 1397 2170 mortuorum
1423 2126 1566 2184 corpora
1589 2109 1620 2168 ln

177 2215 342 2276 cimiteriis
367 2212 603 2278 ecclesiasticis
626 2218 839 2278 tumulentur.
865 2215 942 2277 Hoc
958 2217 1045 2278 enirn
1070 2216 1179 2278 solum
1202 2216 1288 2277 bene
1314 2216 1428 2296 a'gitnr,
1453 2233 1512 2293 per
1528 2215 1620 2295 qnod

179 2322 240 2382 vita
264 2322 437 2384 hominum
461 2323 653 2402 corrigatur.
680 2321 803 2384 Datum
828 2335 889 2384 etc.

282 2495 334 2549 Fol
365 2500 398 2549 18
418 2499 441 2550 d.
463 2502 522 2560 12⁴,
543 2498 587 2549 tei
607 2514 625 2549 v
645 2497 784 2564 rnltopise
804 2499 933 2566 kapitnly
954 2497 1077 2550 Praiske
1096 2495 1171 2564 J⁴0l
1186 2497 1232 2551 lol.
1246 2502 1306 2550 262.
1327 2495 1620 2566 Ochronologickem

178 2586 305 2638 omezeni
326 2589 427 2638 rokem
448 2591 517 2639 1290
537 2602 612 2638 srov.
633 2587 712 2640 uvod
733 2586 754 2638 ll
776 2591 800 2638 3.

853 2861 935 2954 '125

182 3034 300 3117 Biskup
323 3035 440 3098 Tobz'dl
453 3035 573 3116 vyty'ka‘
582 2985 822 3115 pvtrkmiitrovi
834 3056 856 3096 a
873 3036 1052 3096 mlltandm
1068 3055 1088 3096 v
1104 3036 1210 3098 Mosll
1222 3035 1407 3117 nesprdvny‘
1420 3036 1493 3117 sich
1517 3035 1621 3098 adkaa

286 3141 411 3204 ddvdm‘
433 3143 504 3223 oser
522 3144 580 3224 pr'r'
602 3142 671 3216 mIi,
687 3140 754 3222 jak
768 3143 808 3223 je
829 3139 960 3222 avykem
984 3144 1000 3202 i
1019 3163 1040 3203 v
1053 3141 1170 3223 sirnich
1194 3142 1346 3205 kostelr‘ch
1370 3143 1498 3206 dzeclse.

1293 3333 1575 3420 (mv-ravon.

311 3497 500 3578 Episcopus
525 3496 634 3559 eidem
658 3497 773 3558 scribit
797 3498 895 3559 indici
920 3507 953 3558 et
977 3499 1137 3561 universis
1163 3498 1419 3576 parochialibus,
1452 3509 1488 3560 ut

312 3605 507 3667 oblaciones
542 3602 698 3677 iacerent,
734 3607 819 3666 sicut
850 3616 948 3666 antea
980 3617 1222 3668 consueverant
1254 3607 1285 3667 in
1317 3608 1488 3688 principiis

613 3714 786 3774 missarum
811 3721 844 3772 et
868 3721 945 3788 post
968 3714 1183 3793 evangelium.

282 3851 480 3936 Th(obias)⁸
511 3865 572 3916 etc.
598 3854 727 3916 dilectis
751 3858 783 3916 in
808 3852 942 3917 Christo
974 3854 1046 3916 filiis
1078 3856 1189 3928 iudici,
1221 3849 1382 3936 (iuratis)b
1407 3865 1440 3916 et
1463 3857 1622 3918 universis

179 3964 302 4025 civibus
327 3967 359 4025 in
387 3963 490 4025 Ponte
514 3962 655 4024 salntem
681 3971 743 4024 etc.
768 3960 876 4040 Super
902 3981 952 4034 e0,
977 3962 1068 4041 quod
1094 3982 1161 4038 vos,
1186 3967 1273 4025 sicut
1298 3966 1329 4024 in
1353 3966 1469 4024 vestris
1494 3963 1535 4024 ad
1560 3983 1622 4024 nos

179 4071 281 4132 missis
299 4069 402 4131 literis
419 4073 618 4142 continetur,
643 4071 739 4130 ritum
765 4069 906 4130 civitatis
931 4069 1105 4148 Pragensis
1122 4079 1155 4130 et
1171 4069 1310 4131 aliarum
1335 4070 1504 4131 civitatum
1529 4073 1621 4150 regni

179 4175 312 4239 Boemie
337 4179 562 4250 observantes
595 4176 740 4255 plebano
771 4185 881 4238 vestro
905 4176 937 4236 in
961 4177 1029 4237 suis
1053 4177 1178 4238 iuribus
1202 4179 1303 4238 etiarn
1328 4175 1470 4255 amplius
1501 4177 1621 4254 cupitis

178 4285 353 4360 deservite,
385 4285 602 4346 discrecionis
633 4293 740 4344 vestre
774 4282 1033 4362 providenciam,
1065 4290 1241 4363 quantumc
1273 4284 1315 4344 de
1340 4283 1410 4344 iure
1435 4302 1622 4362 possumus,

178 4391 462 4467 commendantes,
487 4391 551 4452 hoc
577 4393 609 4452 in
633 4391 726 4451 vobis
750 4391 931 4468 approbari
955 4408 1022 4450 non
1048 4408 1226 4468 possumus
1250 4408 1313 4452 nec
1330 4390 1501 4467 debemus,
1527 4392 1618 4471 quod

178 4499 374 4561 universitas
389 4509 498 4561 vestra
516 4498 616 4560 edere
634 4497 740 4577 possit
756 4505 878 4557 statuta
895 4496 1007 4577 aliqua
1024 4507 1141 4558 contra
1159 4496 1344 4559 libertatem
1359 4497 1621 4560 ecclesiasticam

178 4615 210 4666 et
250 4605 473 4686 parrochialis
526 4605 668 4667 ecclesie
715 4613 822 4666 vestre
861 4603 1062 4665 laudabilem
1102 4614 1135 4665 et
1173 4603 1370 4685 longissimis
1409 4605 1621 4668 observatam

177 4713 385 4793 temporibus
410 4712 687 4775 consuetudinem
713 4711 949 4773 racionabilem
975 4720 1009 4771 et
1033 4712 1217 4774 honestam.
1244 4711 1327 4773 Illud
1353 4731 1506 4793 namque,
1530 4712 1622 4792 qnod

178 4821 210 4881 ln
245 4821 416 4898 principiis
453 4821 627 4880 missarum
664 4817 735 4880 heri
771 4821 878 4896 prima
914 4823 1089 4881 consuevit
1124 4818 1256 4880 oblacio
1294 4828 1327 4880 et
1364 4819 1510 4881 secunda
1547 4829 1622 4898 post

179 4927 397 5011 evangelium,
429 4945 505 4989 cum
531 4925 738 4988 offertorium
762 4920 986 5002 decantatur,d
1019 4943 1085 4988 non
1110 4927 1218 4988 solnm
1250 4927 1282 4986 ln
1307 4935 1415 4988 vestra
1440 4927 1622 5006 parochiali

284 5139 312 5202 a)
333 5136 384 5205 ‚Jo‘
404 5139 476 5205 Kap.
490 5137 513 5206 J.
534 5165 566 5174 —
587 5137 617 5204 b)
636 5136 790 5204 Doptneno
809 5137 857 5190 dle
877 5135 948 5203 Kap.
961 5135 983 5203 J.
1004 5165 1037 5173 -
1057 5137 1084 5200 c)
1106 5142 1209 5204 ,quam‘
1223 5135 1272 5200 ln.,
1287 5141 1444 5206 ,qnantnm‘
1464 5135 1534 5202 Kap.
1546 5133 1566 5201 J.
1589 5163 1620 5172 -

178 5227 208 5294 d)
227 5229 398 5288 ,decanitnr‘
418 5228 489 5294 Kap.
509 5227 528 5296 J.
