3968 5848
1038 410 1089 458 116

1027 623 1100 686 146.

341 765 467 848 Bisleup
503 765 618 827 Tobia'l
638 767 807 848 potvrauje
836 765 976 827 vteclma
1004 765 1169 827 dorova'nr'
1197 763 1290 827 krdle
1321 763 1464 827 Va'clava
1488 788 1508 827 a
1523 764 1642 846 jinyiclr
1664 765 1789 845 rpitdlu

649 870 843 934 kliaovm'kzt
867 891 913 934 sv.
937 870 1117 934 Frantilka
1141 892 1162 932 u
1185 881 1287 932 mostu
1310 891 1331 933 v
1356 871 1470 934 Prase.

1389 1011 1676 1094 (ram-rama).

436 1157 626 1238 Episcopus
649 1157 825 1220 confirmat
849 1159 1010 1220 ecclesias
1034 1168 1067 1219 et
1092 1158 1142 1220 ius
1168 1167 1366 1237 patronatus
1391 1177 1504 1220 earum
1531 1157 1686 1235 hospitali

895 1265 994 1328 datas
1018 1286 1077 1345 per
1102 1285 1221 1347 regem.

442 1387 537 1470 Tho(
537 1387 638 1470 bias)³
651 1388 704 1451 dei
717 1391 829 1472 gracia
847 1390 1020 1472 Pragensis
1038 1395 1219 1470 episcopus
1231 1439 1237 1451 .
1248 1384 1272 1452 ,δ
1290 1391 1450 1472 magistro
1464 1390 1565 1468 priori
1583 1399 1616 1451 ct
1632 1387 1786 1452 iratribus

338 1496 512 1576 hospitalis
536 1499 642 1558 sancti
667 1495 835 1560 Francisci
860 1496 1035 1578 Pragensis
1059 1509 1121 1560 etc.
1146 1496 1292 1578 Dignum
1317 1508 1350 1559 et
1375 1514 1558 1578 congruum
1585 1497 1787 1570 estimamus‚

336 1605 465 1685 equitas
500 1622 636 1685 quoque
662 1605 804 1666 racionis
833 1607 998 1684 exposcit,
1031 1605 1123 1684 quod
1148 1605 1210 1684 piis
1235 1606 1319 1666 votis
1352 1613 1385 1664 et
1410 1603 1559 1665 honestis
1590 1606 1782 1683 petencium

339 1712 514 1774 desideriis
529 1710 642 1772 lavore
659 1712 813 1774 benivolo
838 1721 1068 1787 concurentes
1085 1712 1286 1790 prebeamus
1305 1711 1406 1772 etiam
1424 1719 1539 1773 nostre
1565 1710 1786 1773 liberalitatise

337 1837 519 1880 assensum.
567 1818 656 1880 Hinc
688 1829 748 1896 est,
780 1820 872 1899 quod
905 1820 954 1880 ius
986 1829 1183 1900 patronatus
1207 1829 1240 1880 et
1263 1821 1353 1898 ipsas
1389 1818 1556 1892 ecclesias,
1588 1837 1672 1898 quas
1697 1817 1785 1880 clare

338 1920 514 1988 memoried
540 1921 788 2008 Wlenceslaus)
820 1946 880 1988 rex
904 1926 1041 1988 Boemie
1073 1927 1195 2007 aliique
1226 1927 1356 1988 nobiles
1388 1945 1447 1988 seu
1472 1925 1588 1988 fideles
1612 1923 1786 2006 Pragensis

336 2032 492 2109 dyocesis
515 2034 610 2093 vobis
634 2041 668 2094 et
691 2042 801 2095 vestro
827 2031 983 2110 hospitali
1016 2032 1062 2094 ad
1085 2052 1181 2095 usum
1206 2043 1240 2094 et
1264 2035 1548 2095 sustentacionem
1580 2031 1787 2094 infirmorum

336 2138 487 2201 eiusdem
511 2139 684 2218 hospitalis
708 2159 783 2201 cum
809 2141 964 2202 omnibus
981 2140 1166 2202 redditibus
1191 2149 1225 2201 et
1250 2139 1320 2201 aliis
1337 2140 1550 2219 pertinenciis
1568 2141 1787 2216 contulerunt,

336 2246 431 2308 vobis
462 2255 580 2308 tenore
613 2247 832 2323 presencium,
865 2247 958 2309 salvo
984 2250 1054 2309 iure
1086 2247 1299 2320 obediencie,'
1327 2267 1428 2327 quarn
1456 2255 1613 2308 tenentur
1637 2256 1786 2308 rectores

335 2356 482 2433 ipsarum
507 2353 723 2416 ecclesiarum
748 2353 1008 2434 parrochialium
1024 2355 1123 2416 nobis
1140 2365 1332 2434 nostrisque
1357 2353 1602 2416 archidiaconis
1626 2353 1785 2414 exhibere

336 2461 368 2522 in
385 2461 612 2540 spiritualibus
636 2479 768 2522 necnon
792 2461 892 2522 etiam
929 2460 961 2522 in
989 2461 1238 2538 temporalibus,
1264 2464 1509 2542 imperpetuum
1542 2460 1786 2522 confirmamus.

336 2567 485 2630 Ecclesie
509 2579 620 2630 autem
646 2571 708 2630 iste
732 2579 810 2631 sunt
832 2569 916 2632 tales
941 2579 975 2631 et
998 2568 1097 2631 talese
1121 2572 1153 2631 in
1177 2569 1234 2631 tali
1260 2570 1336 2630 loco
1361 2577 1395 2630 et
1419 2569 1450 2629 in
1474 2566 1540 2628 tali.
1567 2565 1665 2628 Hanc
1689 2567 1786 2648 igitur

338 2671 584 2752 donacionems,
616 2695 716 2757 quam
749 2678 920 2755 predictus
956 2697 1016 2738 rex
1051 2676 1172 2757 aliique
1207 2675 1336 2738 nobiles
1372 2695 1430 2738 seu
1467 2675 1584 2736 fideles
1616 2674 1661 2736 ad
1685 2693 1783 2736 usum

335 2782 540 2844 infirmorum
573 2783 672 2844 vestri
704 2783 879 2863 hospitalis
912 2804 951 2845 ac
986 2782 1124 2846 fratrum
1156 2785 1237 2848 inibi
1265 2786 1486 2846 serviencium
1519 2785 1573 2860 pia
1600 2784 1785 2846 devocione

337 2891 541 2964 ordinarunt,
566 2899 672 2952 ratam
698 2901 731 2952 et
754 2890 882 2952 firmam
909 2891 1081 2967 habentes,
1105 2891 1273 2969 predictas
1297 2890 1458 2952 ecclesias
1482 2899 1515 2950 et
1539 2889 1686 2968 capellas
1711 2907 1786 2950 cum

336 2997 404 3060 suis
428 2997 613 3059 redditibus
637 2998 742 3060 libera
765 2998 936 3059 voluntate
961 2998 1071 3060 divine
1096 2999 1327 3060 retribucionis
1358 2998 1486 3071 intuitu,
1518 2995 1616 3058 salvis
1647 2995 1785 3057 decimis

337 3105 585 3183 episcopalibus
609 3105 763 3168 videlicet
791 3103 838 3166 Vl
862 3105 1018 3180 denariis,
1051 3108 1108 3186 qui
1132 3106 1176 3166 de
1200 3105 1350 3185 quolibet
1374 3103 1465 3167 lurno
1489 3113 1558 3166 tarn
1582 3109 1785 3166 vestrorumz

336 3230 436 3290 quarn
460 3211 601 3272 aliorum
627 3211 807 3286 hominum,
832 3213 888 3292 qui
913 3213 957 3274 ad
981 3212 1117 3274 easdem
1143 3213 1320 3292 parochias
1344 3213 1509 3291 pertinere
1534 3220 1727 3286 noscuntur,
1751 3219 1784 3271 et

338 3337 397 3396 per
420 3327 527 3380 totum
553 3337 690 3400 regnum
716 3318 925 3401 colliguntur,
951 3329 1018 3380 tam
1053 3322 1084 3381 in
1109 3318 1337 3398 spiritualibus
1361 3337 1461 3398 quarn
1487 3319 1518 3380 in
1543 3315 1786 3399 temporalibus

338 3428 507 3506 perpetuis
530 3427 738 3504 temporibus
762 3427 857 3488 vobis
889 3429 1074 3506 vestrisque
1098 3425 1255 3490 fratribus
1280 3425 1526 3488 confirmamus.
1560 3425 1597 3487 ln
1622 3425 1716 3486 cuius
1740 3424 1784 3485 rei

338 3541 554 3614 augmentum
587 3540 776 3609 presentem
809 3534 965 3614 paginam
999 3533 1167 3595 conscribi
1196 3532 1336 3595 lecimus
1367 3542 1400 3594 et
1424 3532 1518 3614 sigilli
1551 3532 1654 3594 nostri
1679 3533 1783 3595 muni·

338 3639 425 3700 mine
450 3639 610 3700 roborari.
635 3637 760 3700 Datum
785 3651 848 3701 etc.

445 3777 504 3831 Fol.
525 3783 568 3830 21·
588 3777 686 3840 6146,
706 3779 751 3830 tei
771 3794 788 3829 v
803 3780 843 3831 rk.
858 3779 990 3847 kapituly
1009 3777 1133 3831 Pralslce
1147 3779 1195 3832 iol.
1209 3785 1259 3833 234
1281 3795 1329 3832 av
1342 3781 1383 3832 rk.
1399 3779 1610 3832 wilherinskem
1630 3787 1664 3832 st.
1678 3783 1784 3832 69—71

337 3864 472 3936 (Palacky
506 3865 734 3920 Formelbtlcher
761 3866 772 3918 l
801 3873 836 3920 st.
867 3865 941 3936 338).
978 3865 1005 3919 O
1034 3867 1290 3938 chronologiclrem
1316 3869 1449 3922 omezeni
1478 3869 1579 3922 rokem
1610 3871 1679 3921 1290
1707 3883 1785 3920 srov.

339 3955 418 4009 duod
437 3955 461 4009 lI
481 3960 506 4010 3.

1027 4138 1097 4200 147.

338 4279 426 4342 Krdl
454 4279 575 4341 Va‘clav
598 4278 642 4341 ll.
666 4279 795 4362 uddluje
824 4280 946 4360 spirata
977 4279 1169 4344 kr'ia'ovm'krl
1192 4301 1237 4342 so.
1264 4281 1441 4342 Frontilka
1466 4303 1487 4342 u
1511 4291 1614 4344 mostra
1636 4301 1658 4342 v
1682 4280 1787 4343 Praae

337 4385 507 4449 baddoni
529 4396 633 4468 sestry
656 4391 714 4449 sul
736 4387 892 4468 Kunlzuty
914 4409 935 4448 a
960 4396 1023 4468 tety
1045 4387 1178 4468 Alaban
1196 4388 1301 4467 prdvo
1319 4391 1511 4468 patrona'tm'
1537 4409 1558 4449 v
1582 4387 1785 4469 Kyndperku.

1152 4529 1205 4614 (V
1224 4529 1336 4604 Praae,
1363 4531 1451 4592 1286
1476 4531 1586 4592 lernen
1609 4527 1677 4606 20).

518 4677 592 4737 Rex
616 4673 771 4752 hospitali
797 4673 855 4735 dat
880 4675 929 4736 ius
954 4683 1151 4751 patronatus
1175 4673 1315 4735 eccesie
1339 4673 1372 4734 in
1397 4684 1605 4752 perpetuum.

443 4795 693 4880 W(enceslaus)
718 4800 773 4862 dei
796 4799 908 4881 gracia
941 4819 1001 4860 rex
1027 4799 1188 4861 Bohemie
1223 4807 1257 4859 et
1281 4799 1431 4860 marchio
1459 4798 1607 4860 lloravie
1631 4798 1787 4860 omnibus

338 4907 593 4986 imperpetuum.
641 4906 735 4968 Licet
768 4907 943 4968 honestate
976 4907 1139 4969 suadente
1171 4903 1309 4980 illorum,
1342 4907 1398 4985 qui
1430 4907 1527 4968 nobis
1554 4913 1673 4967 nature
1705 4906 1786 4968 uniti

446 5080 473 5149 a)
492 5081 655 5151 ‚Johannes‘
670 5081 742 5147 Kap.
760 5079 781 5147 J.
803 5108 833 5117 —
856 5079 885 5146 b)
905 5079 949 5142 ,Η“
966 5079 1037 5147 Kap.
1052 5081 1074 5149 J.
1096 5109 1127 5118 -
1148 5081 1174 5146 c)
1189 5081 1347 5142 ‚libertatis‘
1362 5080 1420 5134 oba
1433 5080 1474 5132 rk.
1496 5109 1526 5117 -
1548 5079 1578 5140 d)
1591 5087 1785 5142 ,memoratns‘

338 5169 377 5224 ln.
400 5199 430 5210 -
451 5170 478 5237 e)
499 5171 584 5232 ,celes
603 5179 633 5224 et
650 5170 736 5222 celes‘
757 5168 806 5232 In.‚
832 5170 957 5236 spravne
978 5168 1049 5237 Kap.
1062 5170 1086 5238 J.
1117 5199 1147 5208 -
1180 5169 1202 5238 l)
1223 5169 1485 5236 ,predonacionem
1507 5169 1555 5230 ln..
1577 5159 1788 5231 ,donacionem‘

340 5259 412 5328 Kap.
430 5259 450 5326 J.
472 5288 504 5298 -
524 5259 553 5330 g)
572 5261 754 5322 ,nostrorum‘
774 5259 822 5326 ln,
842 5265 1024 5320 ,vestrorum‘
1046 5259 1116 5326 Kap.
1130 5259 1151 5328 J.
