3988 5844
1022 432 1074 480 202

1013 699 1088 762 263.

328 857 452 939 Bisknp
489 857 605 921 Tobiae
634 859 787 940 vysaauje
818 861 1048 941 nejmenovanl
1059 863 1158 922 mlsto
1172 881 1193 921 a
1209 859 1262 923 vsi
1271 861 1408 941 pra'vem
1431 861 1622 942 nlmeckym,
1644 865 1776 924 stanovr'

849 965 1036 1046 povinnosti
1052 966 1255 1048 poddanrlclr.

1401 1073 1665 1159 (1284-1296).

507 1216 694 1295 Episcopus
718 1215 808 1278 locat
831 1216 1004 1295 quoddam
1029 1217 1166 1295 opidum
1191 1225 1224 1278 et
1247 1217 1339 1280 villas
1362 1219 1423 1280 sub
1448 1218 1594 1300 quadam

947 1323 1159 1386 condicione.

436 1466 516 1530 Nos.
549 1464 742 1549 Tb(obias)²
773 1475 836 1529 etc.
868 1475 985 1530 notum
1017 1476 1091 1546 etc,
1122 1466 1215 1549 quod
1246 1486 1309 1529 nos
1343 1461 1603 1551 [conldieionem
1625 1471 1713 1548 (etc.
1738 1481 1775 1530 ut

329 1577 462 1654 supra>,
489 1575 600 1637 locum
625 1573 757 1635 forense
782 1573 908 1636 dictum
940 1575 1148 1656 vulgariter.
1174 1624 1182 1639 .
1217 1582 1251 1638 et
1284 1574 1377 1637 villas
1412 1575 1520 1637 dictas
1545 1623 1551 1637 .
1577 1623 1585 1638 .
1609 1585 1642 1638 et
1666 1625 1709 1652 ..,
1740 1580 1773 1638 in

328 1683 449 1764 quibus
476 1681 559 1744 villis
591 1689 736 1758 excepto
768 1681 843 1743 loco
876 1679 1001 1744 lorensi
1032 1683 1233 1760 predicto..
1259 1676 1378 1744 XLVb
1409 1681 1494 1745 lanei
1525 1682 1697 1761 habentur,
1729 1702 1774 1746 ex

328 1790 450 1872 quibus
473 1789 612 1871 quilibet
636 1791 807 1850 continent
831 1786 915 1849 LXc
946 1791 1059 1872 iugera
1092 1788 1308 1865 strichonum,
1339 1798 1373 1852 et
1404 1789 1447 1852 de
1479 1789 1630 1870 quolibet
1660 1810 1773 1853 marca

329 1899 457 1979 argenti
480 1899 552 1977 puri
578 1895 753 1978 Pragensis
789 1894 948 1974 ponderis
981 1915 1100 1960 census
1131 1898 1267 1959 nomine
1299 1898 1472 1958 annuatim
1504 1895 1706 1972 exsolvetur,
1731 1898 1774 1961 de

328 2004 573 2068 honorabilium
598 2004 742 2065 virorum
767 2003 893 2066 domini
911 1999 1056 2085 Wl(rici)
1081 2003 1253 2084 prepositi,
1275 2004 1424 2085 magistri
1448 1997 1630 2087 G(regorii)
1653 2005 1774 2067 decani

328 2113 497 2194 totiusque
530 2111 662 2192 capituli
687 2121 800 2174 nostre
829 2108 1002 2193 Pragensis
1034 2110 1176 2173 ecclesie
1212 2111 1430 2173 connivencia
1466 2119 1499 2172 et
1533 2130 1720 2174 assensu..
1740 2107 1772 2176 .‘¹

327 2217 428 2280 iudici
452 2219 640 2299 ceterisque
672 2217 876 2297 pauperibus
899 2217 931 2278 in
955 2218 1115 2296 predictis
1139 2216 1221 2280 locis
1245 2218 1469 2280 residentibus
1496 2218 1678 2282 locavimus
1701 2222 1774 2282 iure

326 2325 533 2402 theutonico,
557 2323 649 2406 quod
675 2319 899 2406 (purkrecht)⁸
922 2323 1099 2407 vulgariter
1130 2323 1324 2406 appellatur,
1356 2326 1418 2388 sub
1443 2327 1549 2405 pactis
1572 2345 1631 2389 seu
1656 2326 1772 2388 condi·

326 2433 473 2495 tionibus
508 2430 732 2513 infrascriptis,
768 2430 831 2494 biis
863 2431 1028 2506 videlicet,
1059 2433 1151 2512 quod
1177 2427 1328 2496 idem..f
1352 2451 1454 2496 unum
1479 2435 1610 2496 laneum
1634 2435 1715 2496 in..
1741 2443 1775 2495 et

328 2541 427 2603 alium
451 2542 484 2602 in
510 2558 634 2618 ..pro
667 2539 800 2612 iudicio,
832 2533 1043 2622 quam(diu)⁶
1065 2539 1162 2602 nobis
1186 2549 1220 2602 et
1243 2541 1453 2621 episcopatui
1485 2541 1774 2622 obtemperaverit,

328 2648 455 2728 absque
480 2648 651 2710 solucione
676 2646 824 2728 qualibet
840 2647 943 2708 libere
959 2654 1074 2708 teneat
1089 2654 1122 2708 et
1138 2649 1257 2726 quiete.
1283 2645 1320 2710 Si
1335 2666 1422 2723 vero,
1447 2647 1537 2729 quod
1555 2649 1650 2724 absit,
1673 2650 1773 2711 nobis

327 2775 365 2817 ac
390 2755 594 2834 pauperibus
625 2753 776 2817 locorum
807 2753 1042 2816 iamdictorum
1066 2764 1203 2834 propter
1226 2753 1360 2834 culpam
1383 2773 1477 2817 suam
1501 2753 1656 2834 aliquam,
1680 2755 1772 2834 quod

326 2883 395 2925 non
419 2862 595 2938 credimus,
619 2865 651 2924 in
669 2861 781 2942 aliquo
805 2861 1006 2942 displiceret,
1030 2869 1154 2924 extunc
1178 2861 1289 2924 eidem
1304 2861 1470 2924 vendendi
1495 2861 1610 2924 laneos
1633 2863 1772 2926 eosdem

326 2969 398 3031 aliis
422 2970 484 3033 sub
509 2969 636 3031 honere
660 2967 841 3031 solucionis
868 2969 1085 3031 concedimus
1116 2968 1253 3031 liberam
1285 2967 1485 3032 facultatem.
1521 2968 1572 3031 De
1596 2969 1669 3032 aliis
1693 2989 1772 3033 vero

327 3074 477 3140 XLllll‘
506 3075 610 3138 laneis
642 3094 808 3156 pauperes
843 3079 945 3138 nostri
981 3077 1013 3137 in
1046 3075 1173 3137 eisdem
1208 3074 1394 3139 residentes
1428 3077 1523 3138 annis
1557 3077 1693 3160 singulis
1728 3078 1772 3140 de

326 3183 476 3266 quolibet
492 3183 587 3245 laneo
604 3202 663 3263 per
682 3185 696 3244 1
717 3201 862 3245 marcam
887 3183 1014 3266 argenti
1030 3182 1103 3260 puri
1120 3181 1293 3263 Pragensis
1316 3183 1477 3262 ponderis
1501 3202 1622 3246 census
1637 3185 1773 3247 nomine

326 3293 423 3356 nobis
447 3299 481 3353 et
503 3292 623 3352 nostris
654 3290 913 3366 successoribus,
945 3289 1098 3352 videlicet
1121 3289 1152 3350 in
1178 3288 1262 3351 festo
1285 3290 1373 3352 beati
1398 3288 1532 3372 Georgii
1556 3292 1771 3354 medietatem

326 3409 359 3462 et
382 3397 482 3460 aliam
506 3397 719 3460 medietatem
753 3396 894 3459 infesto
927 3395 1011 3459 Galli
1035 3417 1054 3458 a
1078 3394 1164 3458 lesto
1197 3397 1286 3458 beati
1318 3395 1452 3479 Georgii
1486 3417 1575 3460 nunc
1611 3399 1771 3478 preterito

326 3508 368 3569 de
386 3552 393 3564 .
411 3553 419 3568 .
444 3507 560 3584 elapso
585 3503 724 3567 dimidio
749 3503 855 3566 altero
878 3522 968 3566 anno
985 3511 1018 3564 et
1034 3503 1077 3566 de
1094 3503 1175 3564 villis
1199 3503 1355 3583 predictis
1379 3503 1513 3566 duobus
1530 3506 1625 3568 annis
1641 3504 1772 3586 elapsis,

324 3623 358 3676 et
382 3632 441 3694 per
465 3612 511 3676 lll
535 3611 721 3673 strichones
748 3609 882 3692 siliginis
905 3619 939 3672 et
963 3609 1009 3672 ill
1034 3609 1148 3686 avene,
1172 3629 1234 3672 sex
1258 3605 1391 3691 pullos,¹²
1412 3609 1474 3672 LX
1498 3631 1570 3690 ova,
1603 3614 1769 3694 agnellum

324 3733 382 3784 aut
405 3719 468 3783 XII
493 3719 657 3794 denarios,
689 3717 718 3780 Il
742 3736 860 3780 caseos
891 3729 948 3780 aut
979 3717 1042 3780 llll
1074 3717 1230 3780 denarios
1261 3717 1435 3780 exsolvere
1460 3721 1672 3798 tenebuntur,
1703 3722 1768 3784 hoc

324 3829 467 3902 adiecto,
492 3825 591 3908 quod,
615 3826 640 3887 si
665 3837 801 3906 propter
826 3833 974 3888 nostram
1007 3826 1213 3907 ingruentem
1245 3827 1479 3889 necessitatem
1510 3834 1770 3908 nostrorumque

324 3953 555 3999 successorum
580 3932 765 3995 subsidium
790 3951 809 3994 a
834 3932 1036 4013 pauperibus
1060 3932 1275 4012 episcopatus
1298 3933 1401 3994 nostri
1417 3951 1479 3995 nos
1495 3935 1646 4014 recipere
1669 3955 1771 4016 opor·

324 4053 419 4120 teret,
442 4041 542 4103 iidem
567 4059 732 4119 pauperes
756 4039 854 4102 nobis
878 4049 911 4102 et
934 4040 1056 4103 nostris
1080 4039 1331 4102 successoribus
1362 4039 1442 4102 dare
1470 4051 1655 4117 teneantur,
1685 4043 1771 4104 sicut

324 4153 367 4212 ab
392 4149 464 4212 aliis
491 4147 593 4210 laneis
625 4166 810 4228 pauperum
842 4147 1058 4228 episcopatus
1090 4148 1263 4208 memorati
1295 4146 1490 4210 duxerimus
1522 4149 1769 4229 requirendum.

323 4258 495 4321 Adicimus
525 4257 669 4335 insuper,
701 4263 736 4317 ut
759 4265 828 4316 tam
846 4303 853 4317 .
872 4247 889 4317 ,ἱ
912 4254 1016 4315 iudex
1044 4271 1144 4333 quam
1168 4254 1221 4315 alii
1245 4271 1411 4332 pauperes
1435 4254 1466 4316 in
1491 4255 1594 4318 laneis
1618 4255 1770 4319 locorum

324 4366 551 4446 predictorum
576 4373 609 4425 et
632 4381 699 4426 non
724 4362 800 4424 alibi
823 4369 999 4425 teneantur
1022 4360 1241 4424 residenciam
1265 4360 1376 4423 iacere
1391 4362 1611 4440 personalem,
1626 4371 1660 4424 et
1675 4364 1767 4444 quod

324 4472 464 4553 quilibet
488 4489 604 4534 eorum
628 4489 694 4532 non
719 4463 809 4549 plusj
839 4488 939 4549 quam
964 4468 1050 4530 duos
1075 4467 1189 4530 laneos
1212 4477 1386 4549 tenereffet
1409 4469 1579 4532 excollere
1606 4479 1770 4532 teneatur.

323 4577 507 4642 Statuimus
530 4577 659 4654 deinde,
686 4569 746 4660 [ut]
772 4570 885 4638 idemk
912 4575 1017 4637 iudex
1044 4575 1087 4638 de
1123 4575 1228 4654 culpis
1263 4576 1306 4636 ab
1342 4575 1470 4638 eisdem
1501 4577 1706 4656 pauperibus
1737 4578 1769 4639 in

323 4690 433 4750 causis
456 4684 680 4748 criminalibus
703 4701 762 4744 seu
777 4681 928 4745 civilibus
943 4683 1082 4744 tercium
1099 4681 1273 4744 denarium
1289 4681 1435 4762 recipiat,
1452 4681 1535 4744 alios
1551 4684 1638 4746 duos
1654 4693 1769 4746 nostre

322 4813 456 4856 camere
479 4791 689 4872 assignando.
716 4790 752 4853 In
777 4791 870 4854 cuius
895 4791 940 4852 rei
965 4799 1027 4852 etc.
1053 4789 1267 4853 Pontificatus
1291 4791 1396 4853 nostri
1420 4801 1482 4852 etc.

324 4943 537 4952 ..--——--

430 5003 457 5064 a)
478 5003 559 5072 ‚J0h.‘
578 5001 650 5070 Kap.
664 5001 687 5070 J.
707 5031 739 5040 —
759 5001 790 5068 b)
811 4999 855 5065 ,X¹
876 4998 950 5068 Kap.
961 4998 984 5067 J.
1004 5029 1035 5037 -—
1057 4999 1084 5062 c)
1105 4999 1174 5061 ‚XL‘
1195 4999 1266 5067 Kap.
1276 4999 1299 5068 J.
1322 5029 1349 5038 -
1373 5001 1404 5066 d)
1425 5000 1543 5070 ,B‘Kap
1565 5001 1588 5071 J.
1609 5031 1643 5041 -
1661 5001 1689 5070 e)
1709 5003 1767 5056 Do·

322 5092 428 5159 plneno
448 5093 495 5146 dle
515 5089 621 5160 Kap.J.
642 5119 674 5128 -
695 5089 722 5160 l)
741 5097 779 5154 ,et
798 5089 887 5143 iidem
902 5129 908 5142 .
923 5094 939 5144 .‘
958 5088 1005 5152 In,
1025 5089 1113 5156 ‚quod
1133 5090 1210 5142 idem
1230 5089 1264 5143 R‘
1284 5087 1356 5157 Kap.
1369 5089 1392 5159 J.
1415 5119 1445 5129 -
1466 5095 1495 5160 g)
1514 5090 1585 5153 ‚XL‘
1606 5091 1712 5162 Kap.J.
1733 5121 1766 5131 -

322 5182 353 5248 h)
372 5197 435 5247 ,sex
453 5181 548 5250 pullos
569 5209 600 5218 -
620 5181 783 5234 exsolvere‘
802 5179 900 5233 achdzi
919 5195 937 5231 v
957 5179 1028 5246 Kap.
1042 5179 1065 5248 J.
1085 5207 1119 5217 -
1138 5177 1158 5248 i)
1178 5177 1220 5240 ,R‘
1241 5180 1312 5247 Kap.
1327 5179 1349 5248 J.
1380 5207 1400 5218 -
1433 5181 1454 5249 j)
1475 5181 1591 5248 ‚plures‘
1610 5181 1659 5244 ln.‚
1685 5181 1769 5250 ,plus‘

324 5269 394 5337 Kap.
408 5271 430 5340 J.
452 5297 482 5308 -
509 5269 539 5334 k)
559 5269 663 5334 ,iidem‘
684 5268 732 5330 In,
752 5269 847 5333 idem*
867 5269 939 5336 Kap.
958 5267 981 5336 J.
