3988 5844
951 367 1002 416 231

256 572 328 625 Pura
348 571 495 626 consessio
521 589 554 626 ac
579 574 678 626 debita
703 575 899 644 delinquentis
920 606 949 614 -

309 689 342 699 -
366 691 394 699 —
414 677 541 715 canones
560 671 730 716 attestantur.
751 655 792 728 (C.
814 665 884 730 110).

256 891 373 960 Quante
392 893 580 947 iocunditatis
592 894 733 948 solacium
754 924 786 933 -
802 924 833 933 -
850 926 881 934 -
902 903 951 950 tua

309 981 478 1036 liberalitate
498 984 690 1038 demonstres.
710 971 750 1050 (C.
772 983 825 1056 28).

169 1103 171 1110 .
255 1069 373 1140 Quanto
392 1071 558 1139 ampliorem
586 1072 662 1126 circa
691 1073 889 1140 proximorum
909 1077 950 1128 in-

307 1159 460 1214 commoda
475 1189 506 1198 -
520 1189 555 1198 -
569 1190 601 1198 -
616 1161 687 1215 iuris
706 1163 840 1234 suffragia
859 1165 949 1234 inplo-

308 1263 380 1302 rare.
407 1237 446 1314 (ὲ.
468 1247 539 1318 184).

253 1337 320 1409 Que
339 1338 476 1392 decorem
496 1339 653 1395 cuiuslibet
673 1341 777 1396 domus
796 1343 844 1397 dei
863 1372 896 1382 -
916 1359 949 1381 -·-

310 1455 342 1466 -
362 1427 538 1496 proferimus
557 1431 585 1482 in
607 1431 660 1484 hiis
680 1432 801 1500 scriptis.
821 1423 951 1502 (01⁴9).

252 1515 319 1587 Que
339 1525 450 1570 mentes
475 1516 601 1572 fidelium
626 1549 653 1556 -
677 1548 709 1558 -—
730 1522 950 1576 -testimonio

307 1606 392 1661 huius
412 1607 520 1675 scripti.
542 1595 581 1674 (C.
601 1609 673 1677 273).

253 1693 319 1763 Qua
347 1697 455 1750 nostris
485 1697 532 1764 pie
556 1706 696 1766 geruntur
716 1700 896 1766 temporibus
917 1728 949 1738 -

307 1813 339 1823 -
349 1813 381 1823 -·
390 1786 617 1840 misericorditer
626 1787 818 1857 indulgemus.
829 1777 867 1855 (C.
877 1791 948 1858 139).

251 1890 327 1960 Quia
346 1893 460 1946 bonesti
480 1895 532 1948 viri
552 1897 662 1949 domini
687 1897 725 1950 de
745 1925 777 1934 ·-
798 1925 830 1933 -
851 1925 883 1934 -
904 1912 947 1949 re·

306 1983 442 2049 ceperitis
462 1985 490 2036 in
511 1985 664 2037 mandatis.
686 1973 724 2050 (C.
745 1985 799 2052 72).

252 2069 328 2141 Quia
347 2071 458 2141 Sypoto
478 2073 550 2126 civis
569 2073 721 2142 Pragensis
738 2103 770 2112 -
790 2105 825 2114 -
845 2105 878 2114 -
892 2077 947 2145 pri·

305 2161 391 2214 mitus
410 2161 576 2217 affuturum.
598 2149 637 2230 (C.
657 2165 730 2232 252).

251 2248 518 2320 Quocienscunque
531 2253 558 2304 in
573 2253 657 2306 bonis
670 2262 700 2305 et
712 2254 948 2320 possessionibus

307 2369 336 2378 -
350 2371 381 2378 -
395 2369 426 2378 -
442 2342 594 2408 proveniet
610 2342 827 2410 sempiternum.
844 2329 882 2408 (C.
893 2341 947 2410 29).

251 2427 339 2498 Quod
353 2445 446 2497 nuper
459 2431 497 2482 de
516 2447 574 2485 non
593 2431 765 2485 invadendis
784 2434 869 2485 terris
882 2448 947 2486 nos·

311 2520 364 2572 tris
390 2550 422 2558 —
498 2550 530 2560 -
560 2521 728 2575 muneribus
757 2522 945 2588 premiemus.

306 2597 345 2675 (d.
367 2613 438 2676 112).

250 2700 395 2770 Quoniam
426 2708 525 2754 nostra
553 2715 607 2768 pro
635 2699 778 2754 constanti
806 2699 879 2769 gerit
903 2715 947 2752 se·

303 2789 410 2842 renites
430 2818 462 2828 -
483 2819 518 2827 -
538 2818 571 2828 -
590 2791 701 2860 origine
721 2791 765 2842 vel
782 2797 946 2858 augmento.

306 2865 345 2944 (d.
367 2880 438 2946 162).

250 2963 404 3034 Quoniam,
424 2977 456 3021 ut
475 2971 515 3022 ait
534 2971 730 3037 apostolus-
748 2998 779 3006 -
801 2999 832 3006 —
846 2984 947 3022 carere

302 3057 412 3110 viribus
432 3057 632 3112 decernentes
652 3047 692 3127 (C.
714 3059 749 3126 1).

249 3142 334 3212 Quos
351 3161 433 3200 amor
451 3148 567 3201 divinus
587 3177 619 3186 -
639 3176 673 3186 -
694 3147 946 3202 —vicissitudinis

303 3237 493 3303 repensivam.
515 3225 555 3301 (C.
577 3235 647 3304 182).

250 3465 420 3521 Reverende
438 3469 620 3535 paternitatis
640 3476 737 3522 vestre
756 3470 831 3522 votis
858 3497 888 3506 -
911 3498 943 3508 -

305 3585 332 3593 -
355 3567 399 3610 cst
419 3558 607 3612 credendum.
627 3547 666 3627 (C.
688 3561 760 3624 175).

248 3789 379 3843 Salutem
398 3791 558 3843 animarum
578 3796 740 3842 vestrarum
753 3819 786 3828 -
808 3820 839 3828 -
855 3820 887 3828 -
903 3792 942 3843 ni·

301 3879 472 3933 chilominus
492 3879 710 3948 coniungentes.
730 3869 769 3944 ((3.
790 3878 860 3949 179).

247 3967 353 4022 Sancta
372 3969 419 4021 dei
438 3969 564 4040 genitrix
579 3997 610 4007 -
632 3998 664 4006 —
680 3997 711 4006 —
727 3968 859 4021 videmus
874 3985 942 4022 con·

299 4059 394 4111 tineri.
414 4049 453 4126 (ὰ.
476 4062 547 4122 178).

246 4145 352 4200 Sancte
376 4155 459 4216 pater
482 4147 600 4201 domine
625 4147 764 4214 episcope
790 4175 821 4185 -
850 4177 881 4184 -
910 4176 940 4184 -

299 4238 368 4304 quia
381 4238 509 4290 totaliter
522 4251 585 4289 sum
600 4236 826 4304 depauperatus.
838 4225 941 4302 (ωδ).

246 4324 326 4379 Scire
346 4327 468 4388 debetis,
494 4327 574 4394 quod
598 4340 652 4379 nos
677 4326 802 4379 honesto
826 4327 888 4378 viro
909 4355 940 4364 —

302 4443 331 4452 -
355 4445 385 4452 —
409 4444 439 4452 --
461 4431 519 4469 non
539 4416 666 4469 obesset.
687 4403 726 4482 (C.
745 4417 799 4480 68).

245 4501 325 4556 Scire
344 4505 466 4566 debetis,
486 4505 566 4573 quod
587 4521 640 4558 nos
659 4505 687 4558 in
701 4519 844 4558 cameram
860 4533 892 4542 -
908 4533 939 4542 -

300 4623 331 4632 -
351 4595 465 4648 solvere
484 4595 641 4661 oportebit.
663 4585 703 4663 (C.
724 4597 778 4660 63).

244 4681 324 4736 Scire
337 4683 460 4746 debetis,
480 4685 560 4752 quod
575 4699 637 4746 nos,
656 4701 713 4738 non
728 4683 863 4738 obstante
878 4698 941 4749 pro·

298 4773 442 4826 bibicione
470 4803 500 4812 —
523 4802 555 4810 -
576 4802 607 4811 -
635 4773 767 4826 fueritin
786 4775 940 4842 preceptis.

298 4851 338 4927 (c.
359 4867 410 4916 152
430 4879 447 4916 a
466 4862 537 4930 271).

244 4951 324 5006 Scire
343 4953 467 5019 debetis,
495 4953 574 5020 quod
600 4953 662 5005 sine
687 4953 838 5007 solucione
864 4953 939 5006 deci·

298 5057 408 5096 marum
429 5071 460 5080 -
484 5071 513 5079 -
537 5042 775 5095 -commodum
802 5048 831 5095 et
850 5042 939 5094 hono·

296 5145 366 5183 rem.
388 5121 428 5194 (C.
449 5135 522 5194 213).

245 5219 324 5274 Scire
355 5221 490 5289 dignetur
521 5219 689 5290 magestatis
715 5227 812 5274 vestre
831 5221 939 5288 precel·

1060 578 1152 632 lencia
1181 607 1213 617 -
1245 608 1271 615 --
1298 608 1328 616 -
1358 579 1476 648 gloriam
1497 589 1526 632 et
1553 582 1703 636 honorem.

1060 657 1100 730 (1.
1121 667 1176 734 aa).

1005 758 1086 812 Scire
1117 759 1252 828 dignetur
1280 760 1438 813 maiestatis
1467 767 1564 814 vestre
1592 761 1701 830 precel-

1060 847 1152 900 lencia
1172 877 1204 885 -
1226 876 1259 886 -
1281 877 1311 884 -
1333 846 1550 918 magnificencie
1562 849 1702 918 competit

1060 943 1089 990 et
1110 938 1222 991 honori.
1243 927 1282 1004 (b.
1302 938 1374 1000 2⁴6).

1005 1024 1085 1079 Scire
1098 1026 1233 1094 dignetur
1246 1034 1343 1080 vestra
1355 1027 1514 1093 paternitas
1527 1030 1701 1092 veneranda,

1058 1115 1139 1184 quod
1170 1129 1224 1169 nos
1256 1115 1353 1168 literas
1385 1143 1417 1152 -
1444 1145 1477 1154 -
1498 1145 1531 1154 -
1559 1117 1700 1184 premium

1059 1204 1309 1272 consequendum.
1329 1193 1368 1268 (C.
1388 1207 1442 1272 62).

1004 1291 1086 1345 Scire
1104 1293 1238 1346 volumus
1259 1333 1264 1343 .
1283 1335 1290 1347 .
1310 1333 1324 1352 ..
1353 1293 1434 1361 quod
1463 1309 1516 1346 nos
1544 1295 1642 1349 literas
1668 1323 1699 1334 —

1059 1410 1091 1419 —
1115 1413 1141 1420 —
1165 1383 1244 1434 sedis
1263 1382 1423 1448 apostolice
1442 1383 1571 1451 speciali.
1591 1373 1630 1450 (C.
1645 1387 1699 1450 60).

1004 1467 1085 1524 Scire
1112 1471 1246 1525 volumus
1275 1471 1427 1524 universos
1455 1487 1531 1540 pres.
1566 1474 1604 1528 lit.
1638 1475 1701 1537 ins..

1057 1560 1138 1629 quod
1158 1575 1211 1613 nos
1231 1560 1329 1614 literas
1349 1591 1382 1598 -
1397 1590 1429 1598 -
1445 1590 1477 1599 -
1491 1562 1570 1616 sedis
1583 1569 1699 1629 aposto·

1058 1647 1112 1700 lice
1131 1649 1257 1716 speciali.
1276 1639 1317 1718 (C.
1340 1651 1394 1714 61).

1003 1735 1084 1791 Sicut
1104 1754 1156 1805 per
1175 1739 1286 1806 priores
1306 1739 1403 1791 literas
1424 1747 1538 1794 nostras
1561 1769 1591 1780 ·-
1612 1769 1643 1779 -
1665 1769 1698 1779 -

1057 1825 1143 1882 luerit
1163 1827 1337 1881 iaciendum.
1358 1816 1397 1896 (C.
1420 1829 1491 1895 129).

1004 1915 1175 1984 Significatis
1194 1918 1278 1970 nobis
1297 1932 1350 1985 per
1362 1923 1474 1971 vestras
1489 1917 1598 1972 litteras
1620 1947 1649 1956 -
1664 1948 1698 1957 -

1056 2035 1087 2044 —
1109 2020 1213 2074 preces
1231 2014 1352 2059 vestras.
1372 1995 1411 2072 (C.
1431 2011 1485 2071 32).

1001 2093 1119 2148 Sincera
1138 2095 1337 2149 universitatis
1350 2102 1447 2149 vestre
1462 2095 1650 2162 providencia
1666 2125 1695 2134 —

1055 2212 1087 2222 -
1120 2213 1154 2222 -
1182 2185 1244 2236 iura
1273 2185 1412 2237 canonica
1444 2184 1500 2238 hoc
1529 2185 1697 2239 decernunt.

1056 2261 1098 2337 (C.
1119 2272 1190 2343 103).

1002 2361 1119 2416 Sincere
1138 2363 1266 2416 caritatis
1285 2369 1339 2416 etc.
1361 2363 1535 2416 discrecioni
1555 2371 1605 2415 tue
1619 2379 1697 2416 man·

1055 2451 1158 2506 damus
1180 2482 1196 2489 -
1231 2481 1264 2490 -
1285 2452 1501 2520 —penitencia
1527 2453 1695 2506 relaxando.

1055 2529 1095 2610 (t.
1120 2543 1189 2604 169).

1002 2628 1121 2684 Sincere
1150 2631 1281 2684 karitatis
1311 2645 1402 2698 opera
1429 2637 1459 2683 et
1486 2632 1634 2699 quoslibet
1664 2659 1695 2668 -

1057 2748 1087 2758 -
1109 2749 1141 2757 -
1162 2719 1272 2772 ordinis
1291 2720 1457 2786 suscepturi
1486 2709 1617 2788 (0166).

999 2807 1200 2863 sinceritatem
1221 2817 1354 2871 vestram,
1375 2810 1413 2862 de
1426 2825 1484 2880 qua
1497 2809 1694 2878 plenissimam

1055 2898 1221 2951 obtinemus
1235 2897 1439 2951 confidentiam
1454 2927 1485 2936 —
1501 2927 1534 2937 -
1550 2928 1581 2937 -
1595 2901 1696 2967 utique

1054 2987 1258 3054 rependemus.
1278 2979 1320 3042 (ζ’.
1340 2991 1394 3053 47).

999 3075 1115 3129 Slauam
1144 3090 1318 3131 conversum
1346 3077 1457 3131 ordinis
1476 3078 1693 3145 templariorum

1065 3195 1079 3200 -
1108 3195 1137 3203 -
1161 3195 1192 3204 -
1214 3166 1345 3220 videritis
1373 3167 1523 3235 expedire.
1552 3157 1590 3234 (C.
1621 3169 1693 3236 206).

1000 3253 1058 3307 Sua
1077 3255 1162 3308 nobis
1182 3254 1281 3308 dilecti
1300 3256 1329 3308 in
1349 3253 1466 3310 Christo
1486 3255 1637 3310 iratres-
1661 3285 1692 3295 -

1056 3373 1085 3382 --
1107 3345 1201 3414 legata
1221 3344 1411 3414 denegantur.
1431 3334 1471 3412 (C.
1492 3345 1564 3414 127).

999 3433 1092 3501 Super
1110 3435 1259 3488 atrocibus
1278 3435 1385 3489 nostris
1411 3465 1434 3472 -
1460 3463 1489 3472 -
1506 3436 1694 3503 -recipiant

1052 3523 1204 3578 ulcionem.
1225 3513 1263 3588 (C.
1286 3525 1357 3592 193).

999 3610 1092 3680 Super
1110 3613 1259 3667 atrocibus
1278 3614 1385 3667 nostris
1412 3641 1441 3651 -
1471 3642 1503 3652 -
1524 3613 1613 3666 -ad
1633 3613 1692 3684 glo·

1052 3703 1123 3756 riam
1143 3709 1172 3755 et
1191 3704 1340 3756 honorem.
1360 3691 1399 3771 (C.
1419 3703 1492 3768 235).

997 3789 1092 3858 Super
1110 3792 1315 3859 compassione
1335 3789 1506 3846 infirmitatis
1534 3799 1633 3844 nostre
1658 3819 1691 3830 —

1052 3908 1084 3918 —
1117 3909 1143 3918 -
1175 3895 1263 3948 quarn
1302 3880 1456 3946 plurimum
1491 3880 1691 3934 iocundamur.

1052 3958 1090 4038 (t.
1110 3969 1182 4036 238).

997 4057 1091 4125 Super
1117 4073 1163 4122 eo,
1192 4059 1272 4128 quod
1301 4075 1362 4120 vos,
1389 4060 1466 4111 sicut
1485 4059 1514 4111 in
1534 4059 1638 4113 vestris
1664 4088 1684 4096 -

1051 4176 1082 4186 -
1105 4177 1138 4186 -
1158 4148 1279 4201 licencia
1298 4156 1328 4201 et
1346 4161 1476 4200 assensu.
1498 4137 1539 4212 (C.
1560 4145 1622 4216 125)

995 4235 1091 4303 Super
1119 4238 1290 4290 innocencia
1318 4245 1414 4290 vestra
1443 4237 1481 4289 de
1501 4237 1635 4305 dampnis
1657 4264 1688 4276 ·-

1051 4355 1082 4363 --
1103 4353 1137 4364 -
1157 4341 1258 4396 regere
1277 4327 1432 4380 valeamus.
1453 4317 1493 4395 (C.
1515 4328 1586 4393 111).

995 4415 1090 4483 Super
1109 4415 1271 4468 inordinata
1300 4417 1579 4469 conversacione-
1610 4445 1624 4451 -
1654 4443 1687 4453 -

1049 4505 1158 4559 brachii
1179 4505 1319 4558 secularis
1338 4495 1378 4573 (C.
1398 4503 1452 4572 87).

996 4593 1090 4662 Super
1107 4595 1238 4663 negocio,
1257 4595 1338 4662 quod
1356 4595 1503 4663 Johannes
1520 4595 1642 4646 nuncius
1654 4621 1690 4632 -

1051 4713 1078 4720 —
1103 4712 1136 4722 -
1156 4683 1329 4751 obsequium
1350 4683 1533 4736 exhibentes.
1555 4671 1595 4752 (C.
1615 4681 1688 4752 242).

995 4773 1091 4840 Super
1109 4773 1190 4826 obitu
1209 4772 1268 4826 cari
1288 4772 1380 4825 nostri
1398 4801 1421 4808 -
1442 4801 1472 4809 —
1492 4801 1515 4809 -
1542 4780 1687 4826 mortuum

1049 4861 1204 4930 diligendo.
1225 4851 1263 4923 (C.
1285 4859 1356 4929 225).

995 4951 1091 5017 Super
1118 4951 1200 5003 obitu
1229 4951 1356 5019 magistri
1384 4949 1440 5016 Jar.
1471 4979 1499 4986 —
1523 4979 1556 4989 -
1578 4979 1605 4988 -
1629 4964 1686 5002 non

1047 5039 1192 5094 immerito
1211 5039 1418 5093 commendati.
1439 5029 1477 5106 (C.
1497 5041 1569 5104 226).

995 5130 1089 5198 Super
1116 5129 1304 5198 promocione
1333 5135 1429 5181 vestra
1460 5155 1490 5165 -
1522 5157 1553 5166 -
1578 5157 1610 5166 -
1629 5137 1683 5181 ter·

1049 5219 1156 5272 minum
1177 5217 1359 5272 accedentes.
1379 5209 1418 5284 (d.
1438 5216 1509 5286 227).
