4008 5846
1069 367 1085 412 4

1066 579 1094 640 5.

403 735 525 817 Biskup
563 735 677 799 Totius
707 736 794 798 icida'
825 736 926 799 chi
955 758 972 796 o
997 736 1173 819 pirbplvky
1205 757 1250 798 na
1279 735 1393 798 stavbu
1423 735 1544 799 kostela
1579 737 1614 799 P.
1644 736 1755 798 Maria

787 865 808 907 v
831 844 986 907 Raaicr'clz
1019 867 1039 904 a
1064 843 1179 926 slibuje
1209 843 1372 924 odpustky.

1210 1039 1239 1102 V
1257 1039 1371 1114 Praae,
1397 1037 1487 1102 1287
1509 1039 1614 1102 duben
1636 1041 1688 1103 30.

624 1182 751 1245 Littera
775 1183 1058 1265 indulgenciarum
1082 1202 1143 1262 pro
1168 1181 1358 1244 elemosina.

456 1315 628 1390 Thobias¹
659 1325 714 1389 dei
745 1327 855 1407 gracia
889 1326 1063 1407 Pragensis
1094 1326 1274 1404 episcopus
1305 1328 1466 1388 universis
1500 1323 1622 1388 Christi
1645 1325 1801 1389 fidelibus

358 1456 417 1516 per
442 1436 643 1518 Pragensem
667 1435 833 1496 civitatem
865 1443 898 1494 et
922 1433 1085 1495 diocesim
1109 1433 1297 1495 constitutis
1331 1432 1471 1494 salutem
1497 1434 1528 1494 in
1554 1433 1691 1494 domino
1716 1453 1801 1495 sem·

360 1545 532 1623 piternam.
567 1539 650 1605 Cum
683 1544 789 1603 nostri
820 1539 919 1603 officii
954 1541 997 1602 sit
1029 1539 1178 1603 debitum
1223 1541 1395 1602 universos
1427 1537 1548 1602 Christi
1583 1538 1700 1602 fideles
1737 1542 1800 1620 piis

359 1651 490 1731 monitis
515 1658 548 1710 et
572 1651 673 1710 sacris
690 1648 964 1711 exortacionibus
988 1647 1031 1708 ad
1049 1649 1180 1728 pietatis
1204 1665 1306 1726 opera
1324 1646 1483 1726 spirituali
1502 1648 1628 1726 premio
1653 1648 1803 1724 invitare,

358 1757 604 1821 universitatem
629 1765 773 1817 vestram
806 1773 972 1837 rogamus,
1005 1773 1181 1816 monemus
1212 1765 1246 1817 et
1277 1765 1427 1817 ortamur
1458 1763 1592 1828 attente,
1625 1755 1658 1816 in
1683 1755 1797 1816 remis·

358 1867 486 1928 sionem
524 1872 709 1926 vestrorum
748 1861 844 1924 vobis
883 1863 1114 1941 peccaminum
1153 1862 1369 1943 iniungentes,
1417 1871 1582 1941 quatenus
1630 1862 1674 1923 ad
1713 1881 1802 1941 opus

358 1971 498 2034 ecclesie
523 1970 555 2033 in
580 1964 745 2049 Rasicb1),
770 1988 835 2049 que
859 1972 892 2031 in
909 1969 1085 2032 honorem,c
1110 1970 1208 2030 beate
1225 1968 1330 2030 Marie
1354 1969 1486 2051 virginis
1503 1969 1646 2050 gloriose
1670 1967 1800 2030 fundari

358 2072 477 2142 debet‘l
501 2087 535 2141 et
558 2077 705 2140 construi
729 2096 833 2155 opere
851 2084 1057 2157 sumptuoso,
1082 2086 1209 2138 vestras
1226 2078 1299 2155 pias
1322 2075 1522 2138 elemosinas
1544 2084 1577 2138 et
1600 2083 1693 2156 grata
1718 2079 1800 2138 cari-

357 2186 435 2248 tatis
469 2185 618 2247 subsidia
657 2184 837 2264 inspirante
872 2183 1008 2246 domino
1044 2202 1200 2266 errogare
1236 2185 1365 2259 curetis,
1401 2184 1491 2246 bona
1529 2185 1699 2246 terrestria
1737 2204 1799 2264 pro

359 2292 539 2355 celestibus
556 2291 643 2354 felici
657 2294 862 2353 commercio
880 2300 1123 2354 commutantes
1148 2292 1191 2353 ad
1217 2294 1283 2353 vite
1299 2301 1412 2353 eterne
1428 2291 1549 2373 gaudia
1566 2291 1800 2370 promerenda.

359 2399 431 2463 Nos
456 2399 542 2461 enim
575 2397 618 2461 de
642 2399 881 2478 omnipotentis
905 2399 958 2460 dei
983 2399 1210 2461 misericordia
1242 2409 1274 2459 et
1299 2408 1491 2461 sanctorum
1523 2399 1593 2460 eius
1618 2401 1743 2461 meritis
1767 2409 1802 2460 et

359 2507 652 2570 intercessionibus
675 2504 893 2582 confidentes,
917 2507 1072 2568 omnibus
1095 2508 1191 2568 vobis
1223 2525 1298 2568 vere
1323 2507 1549 2584 penitentibus
1572 2514 1606 2566 et
1630 2505 1801 2582 confessis,

358 2619 416 2696 qui
452 2615 496 2676 ad
520 2615 670 2694 predicte
695 2611 836 2674 ecclesie
867 2632 953 2692 opus
984 2633 1118 2675 manum
1144 2614 1359 2694 porrexeritis
1387 2613 1592 2690 adiutricem,
1632 2613 1694 2674 XL
1726 2613 1802 2676 dies

361 2724 509 2785 iniuncte
541 2721 725 2801 penitencie
767 2721 1023 2783 misericorditer
1058 2722 1257 2793 relaxamus,
1294 2723 1506 2800 presentibus
1542 2721 1586 2783 ad
1623 2741 1799 2784 consuma-

357 2833 490 2892 cionem
515 2829 625 2908 operis
656 2828 812 2890 valituris.
861 2826 998 2890 Datume
1022 2828 1125 2910 Prage
1152 2828 1180 2889 ll
1208 2828 1379 2890 Kalendas
1404 2828 1478 2904 Mai,
1502 2829 1697 2891 indiccionis
1721 2827 1799 2890 XV.

464 3003 559 3058 Foll
589 3003 612 3056 ὅ.
637 3006 662 3066 5,
688 3001 733 3055 tei
760 3019 777 3054 v
796 3003 837 3056 rk.
865 3003 993 3070 kapituly
1022 3003 1145 3056 Praiske
1171 3003 1197 3056 K
1222 3008 1255 3058 33
1276 3003 1292 3055 l.
1314 3009 1364 3057 117
1390 3002 1499 3070 (Emler
1524 3003 1572 3056 RB
1602 3002 1626 3056 11
1656 3002 1679 3056 ἐ.
1709 3002 1801 3071 2530),

357 3109 375 3146 v
396 3091 614 3146 mnichovskem
633 3091 675 3144 rk.
696 3089 743 3144 fol.
765 3090 824 3143 127¹
845 3089 869 3144 d.
891 3095 923 3143 70
944 3107 961 3144 a
979 3107 997 3142 v
1017 3093 1059 3144 rk.
1079 3092 1208 3161 kapituly
1227 3092 1349 3160 praiske
1366 3091 1380 3159 J
1400 3089 1446 3143 ⁴0b
1466 3091 1513 3145 iol.
1534 3097 1595 3145 227.

469 3216 487 3286 ¹)
506 3217 611 3270 Razice
631 3231 649 3268 v
668 3216 730 3270 okr.
750 3215 914 3277 Bttinskem,
934 3215 1008 3269 kdet
1026 3217 1054 3284 je
1074 3216 1206 3284 deskovy
1224 3216 1334 3269 dvorec
1355 3216 1569 3270 arcidekanstvi
1589 3216 1763 3270 Bilinskeho

1063 3417 1092 3478 6.

359 3553 499 3640 (Biskup
529 3554 657 3638 Tobiae)
685 3557 834 3640 natizuse
857 3558 1102 3633 duchovenstvu,
1127 3559 1187 3638 uby
1213 3558 1432 3640 podporovalo
1457 3557 1683 3638 prokurdtory,
1717 3556 1805 3619 kteh'

544 3665 625 3745 maji
648 3663 777 3746 vybirat
796 3664 970 3747 pr'isplvky
993 3686 1036 3726 no
1060 3665 1174 3727 stavbu
1197 3665 1466 3746 nesinenovandlzo
1489 3662 1619 3726 kostela.

1171 3858 1201 3920 V
1219 3858 1332 3932 Praae,
1359 3857 1448 3921 1287
1470 3859 1616 3920 dervenec
1638 3859 1690 3920 23.

830 3947 986 4011 Addici0.

466 4092 616 4168 Decanis,
640 4093 774 4172 insuper
800 4091 948 4170 plebanis
972 4101 1005 4153 et
1029 4111 1144 4153 eorum
1169 4092 1296 4154 vicariis
1320 4095 1417 4156 nobis
1441 4092 1599 4153 subiectis
1623 4092 1654 4152 in
1679 4094 1800 4154 virtute

358 4199 556 4262 obediencie
582 4207 615 4260 et
638 4201 702 4261 sub
727 4218 814 4277 pena
832 4199 1197 4261 excommunicacionis
1220 4198 1417 4261 mandamus
1433 4199 1570 4259 firmiter
1594 4209 1626 4259 et
1643 4199 1800 4275 districte,

358 4315 521 4386 quatenus
552 4307 728 4388 negocium
762 4307 856 4368 huius
888 4307 996 4368 littere
1029 4307 1118 4385 pium
1151 4316 1188 4368 et
1223 4305 1403 4368 favorabile
1437 4308 1469 4367 in
1493 4306 1560 4368 suis
1592 4306 1741 4367 ecclesiis
1766 4315 1800 4367 et

358 4411 447 4488 alias,
484 4413 685 4492 ubicumque
725 4412 887 4493 expedire
923 4412 1095 4486 videbitur,
1137 4421 1359 4492 promoveant
1396 4412 1538 4475 fideliter
1576 4422 1650 4474 toto
1688 4433 1797 4494 posse,

358 4519 496 4581 nuncios
520 4503 814 4598 etprocuratores
845 4520 948 4597 ipsius
973 4520 1115 4600 benigne
1139 4521 1338 4600 recipientes
1362 4530 1395 4582 et
1419 4520 1563 4582 caritatis
1588 4519 1699 4583 officio
1724 4540 1798 4600 per·

358 4635 547 4700 tractantes,
582 4625 682 4688 nichil
718 4628 760 4688 de
797 4627 858 4688 hiis
895 4627 1094 4702 elemosinis,
1126 4645 1192 4706 que
1226 4626 1344 4689 collate
1377 4625 1503 4698 luerint,
1534 4636 1627 4689 motu
1659 4630 1801 4706 proprio

359 4733 531 4812 recepturi¹
556 4742 666 4812 preter
691 4734 723 4795 id
749 4733 867 4809 solum,
891 4734 983 4814 quod
1008 4735 1057 4796 eis
1081 4752 1140 4811 per
1173 4735 1311 4796 eosdem
1335 4735 1474 4796 nuncios
1506 4742 1539 4795 et
1562 4743 1801 4812 procuratores

358 4839 535 4902 liberaliter
558 4838 655 4902 luerit
679 4845 892 4923 assignatum,
916 4840 1063 4922 alioquin
1096 4840 1259 4919 prefatam
1292 4842 1655 4904 excommunicacionis
1678 4861 1799 4920 penam

464 5033 491 5098 a)
512 5031 672 5098 ,lohannes¹
699 5032 769 5099 Kap.
795 5033 817 5102 J.
848 5061 878 5071 -
909 5031 938 5100 b)
965 5032 1065 5093 ‚Basic‘
1090 5032 1138 5094 In,
1164 5033 1286 5094 ,Bazich
1312 5032 1376 5097 Mn,
1405 5033 1501 5086 schazl
1525 5049 1543 5083 v
1562 5033 1641 5086 obou
1666 5031 1738 5100 Kap.
1765 5061 1799 5070 -

357 5121 384 5189 c)
404 5122 532 5187 ,honore‘
557 5121 604 5184 ln,
624 5121 783 5182 ,honorem‘
811 5123 866 5175 Mn.
896 5151 928 5160 --
958 5121 988 5191 d)
1007 5122 1133 5182 ,debent‘
1159 5119 1208 5182 In,
1235 5122 1339 5182 ,debet‘
1365 5123 1421 5176 oba
1447 5121 1518 5189 Kap.
1543 5151 1574 5159 -
1602 5121 1630 5190 e)
1656 5121 1800 5176 Datovtni

357 5211 454 5264 schtzi
472 5225 490 5263 v
509 5211 587 5264 obou
606 5211 679 5278 Kap.
