<?xml version="1.0" encoding="UTF-8"?>
<!DOCTYPE html PUBLIC "-//W3C//DTD XHTML 1.0 Transitional//EN"
    "http://www.w3.org/TR/xhtml1/DTD/xhtml1-transitional.dtd">
<html xmlns="http://www.w3.org/1999/xhtml" xml:lang="en" lang="en">
 <head>
  <title>
</title>
<meta http-equiv="Content-Type" content="text/html;charset=utf-8" />
  <meta name='ocr-system' content='tesseract 3.04.00' />
  <meta name='ocr-capabilities' content='ocr_page ocr_carea ocr_par ocr_line ocrx_word'/>
</head>
<body>
  <div class='ocr_page' id='page_1' title='image "./formulbiskupato00novgoog_0098.png"; bbox 0 0 3968 5848; ppageno 0'>
   <div class='ocr_carea' id='block_1_1' title="bbox 1027 481 1061 532">
    <p class='ocr_par' dir='ltr' id='par_1_1' title="bbox 1027 481 1061 532">
     <span class='ocr_line' id='line_1_1' title="bbox 1027 481 1061 532; baseline -0.059 0"><span class='ocrx_word' id='word_1_1' title='bbox 1027 481 1061 532; x_wconf 87' lang='lat'>56</span> 
     </span>
    </p>
   </div>
   <div class='ocr_carea' id='block_1_2' title="bbox 322 687 1771 1190">
    <p class='ocr_par' dir='ltr' id='par_1_2' title="bbox 322 687 1771 1190">
     <span class='ocr_line' id='line_1_2' title="bbox 322 687 1769 760; baseline -0.001 -18"><span class='ocrx_word' id='word_1_2' title='bbox 322 691 411 751; x_wconf 88' lang='lat' dir='ltr'>nelze,</span> <span class='ocrx_word' id='word_1_3' title='bbox 431 689 582 758; x_wconf 61' lang='lat' dir='ltr'>ponEvadi</span> <span class='ocrx_word' id='word_1_4' title='bbox 611 707 628 742; x_wconf 94' lang='lat' dir='ltr'>v</span> <span class='ocrx_word' id='word_1_5' title='bbox 648 690 756 744; x_wconf 79' lang='lat' dir='ltr'>bteznu</span> <span class='ocrx_word' id='word_1_6' title='bbox 782 689 852 743; x_wconf 93' lang='lat' dir='ltr'>toho</span> <span class='ocrx_word' id='word_1_7' title='bbox 879 691 952 742; x_wconf 84' lang='lat' dir='ltr'>roku</span> <span class='ocrx_word' id='word_1_8' title='bbox 971 690 1020 760; x_wconf 86' lang='lat' dir='ltr'>byl</span> <span class='ocrx_word' id='word_1_9' title='bbox 1045 691 1122 760; x_wconf 78' lang='lat' dir='ltr'>legat</span> <span class='ocrx_word' id='word_1_10' title='bbox 1145 689 1220 758; x_wconf 70' lang='lat' dir='ltr'>jeste</span> <span class='ocrx_word' id='word_1_11' title='bbox 1249 705 1267 740; x_wconf 89' lang='lat' dir='ltr'>v</span> <span class='ocrx_word' id='word_1_12' title='bbox 1287 688 1427 756; x_wconf 87' lang='lat' dir='ltr'>provincii</span> <span class='ocrx_word' id='word_1_13' title='bbox 1454 687 1522 756; x_wconf 84' lang='lat' dir='ltr'>(srv.</span> <span class='ocrx_word' id='word_1_14' title='bbox 1544 687 1665 742; x_wconf 88' lang='lat' dir='ltr'>Redlich</span> <span class='ocrx_word' id='word_1_15' title='bbox 1690 688 1723 742; x_wconf 90' lang='lat' dir='ltr'>R.</span> <span class='ocrx_word' id='word_1_16' title='bbox 1744 688 1769 758; x_wconf 93' lang='lat' dir='ltr'>J.</span> 
     </span>
     <span class='ocr_line' id='line_1_3' title="bbox 324 761 1769 849; baseline 0.001 -19"><span class='ocrx_word' id='word_1_17' title='bbox 324 778 362 831; x_wconf 95' lang='lat' dir='ltr'>VI</span> <span class='ocrx_word' id='word_1_18' title='bbox 381 779 405 832; x_wconf 71' lang='grc' dir='ltr'>ὅ.</span> <span class='ocrx_word' id='word_1_19' title='bbox 425 783 504 840; x_wconf 84' lang='grc'>2064,</span> <span class='ocrx_word' id='word_1_20' title='bbox 524 777 629 849; x_wconf 65' lang='grc'>20731)</span> <span class='ocrx_word' id='word_1_21' title='bbox 648 795 665 831; x_wconf 87' lang='lat' dir='ltr'>a</span> <span class='ocrx_word' id='word_1_22' title='bbox 685 778 820 833; x_wconf 91' lang='lat' dir='ltr'>nemohlo</span> <span class='ocrx_word' id='word_1_23' title='bbox 839 780 878 849; x_wconf 85' lang='lat' dir='ltr'>by</span> <span class='ocrx_word' id='word_1_24' title='bbox 897 794 929 832; x_wconf 86' lang='lat' dir='ltr'>se</span> <span class='ocrx_word' id='word_1_25' title='bbox 948 779 1028 833; x_wconf 75' lang='lat' dir='ltr'>tudii</span> <span class='ocrx_word' id='word_1_26' title='bbox 1048 779 1149 832; x_wconf 90' lang='lat' dir='ltr'>mluvit</span> <span class='ocrx_word' id='word_1_27' title='bbox 1169 795 1186 832; x_wconf 93' lang='lat' dir='ltr'>o</span> <span class='ocrx_word' id='word_1_28' title='bbox 1206 779 1346 832; x_wconf 91' lang='lat' dir='ltr'>odchodu</span> <span class='ocrx_word' id='word_1_29' title='bbox 1365 779 1433 849; x_wconf 84' lang='lat' dir='ltr'>jeho</span> <span class='ocrx_word' id='word_1_30' title='bbox 1454 777 1493 832; x_wconf 93' lang='lat' dir='ltr'>do</span> <span class='ocrx_word' id='word_1_31' title='bbox 1512 761 1626 831; x_wconf 70' lang='lat' dir='ltr'>himaa</span> <span class='ocrx_word' id='word_1_32' title='bbox 1645 793 1663 830; x_wconf 97' lang='lat' dir='ltr'>o</span> <span class='ocrx_word' id='word_1_33' title='bbox 1682 779 1769 831; x_wconf 77' lang='lat' dir='ltr'>sicon-</span> 
     </span>
     <span class='ocr_line' id='line_1_4' title="bbox 322 865 1771 938; baseline -0.002 -17"><span class='ocrx_word' id='word_1_34' title='bbox 322 867 386 921; x_wconf 70' lang='lat' dir='ltr'>deni</span> <span class='ocrx_word' id='word_1_35' title='bbox 405 869 511 937; x_wconf 79' lang='lat' dir='ltr'>legace.</span> <span class='ocrx_word' id='word_1_36' title='bbox 532 869 695 922; x_wconf 91' lang='lat' dir='ltr'>Souvislost</span> <span class='ocrx_word' id='word_1_37' title='bbox 713 886 726 921; x_wconf 87' lang='lat' dir='ltr'>s</span> <span class='ocrx_word' id='word_1_38' title='bbox 746 867 956 938; x_wconf 80' lang='lat' dir='ltr'>nasledujlcimi</span> <span class='ocrx_word' id='word_1_39' title='bbox 976 871 1049 938; x_wconf 84' lang='lat' dir='ltr'>lrusy</span> <span class='ocrx_word' id='word_1_40' title='bbox 1069 869 1199 936; x_wconf 84' lang='lat' dir='ltr'>ulrazuje,</span> <span class='ocrx_word' id='word_1_41' title='bbox 1220 868 1253 920; x_wconf 75' lang='lat' dir='ltr'>ie</span> <span class='ocrx_word' id='word_1_42' title='bbox 1273 873 1385 934; x_wconf 90' lang='lat' dir='ltr'>protest</span> <span class='ocrx_word' id='word_1_43' title='bbox 1404 873 1485 920; x_wconf 91' lang='lat' dir='ltr'>tento</span> <span class='ocrx_word' id='word_1_44' title='bbox 1504 868 1570 920; x_wconf 91' lang='lat' dir='ltr'>neni</span> <span class='ocrx_word' id='word_1_45' title='bbox 1584 865 1716 936; x_wconf 72' lang='lat' dir='ltr'>moinJm</span> <span class='ocrx_word' id='word_1_46' title='bbox 1731 881 1771 933; x_wconf 92' lang='lat' dir='ltr'>po</span> 
     </span>
     <span class='ocr_line' id='line_1_5' title="bbox 322 955 1769 1026; baseline -0.003 -16"><span class='ocrx_word' id='word_1_47' title='bbox 322 973 345 1010; x_wconf 88' lang='lat' dir='ltr'>r.</span> <span class='ocrx_word' id='word_1_48' title='bbox 366 961 442 1011; x_wconf 85' lang='lat'>1288.</span> <span class='ocrx_word' id='word_1_49' title='bbox 461 959 573 1026; x_wconf 79' lang='lat' dir='ltr'>Rychla</span> <span class='ocrx_word' id='word_1_50' title='bbox 592 956 733 1024; x_wconf 74' lang='lat' dir='ltr'>odpoved&#39;</span> <span class='ocrx_word' id='word_1_51' title='bbox 748 959 913 1024; x_wconf 85' lang='lat' dir='ltr'>biskupova</span> <span class='ocrx_word' id='word_1_52' title='bbox 932 957 1148 1025; x_wconf 85' lang='lat' dir='ltr'>arcibiskupovi</span> <span class='ocrx_word' id='word_1_53' title='bbox 1168 957 1226 1024; x_wconf 94' lang='lat' dir='ltr'>pod</span> <span class='ocrx_word' id='word_1_54' title='bbox 1248 956 1272 1011; x_wconf 74' lang='grc' dir='ltr'>ὅ.</span> <span class='ocrx_word' id='word_1_55' title='bbox 1287 959 1322 1009; x_wconf 85' lang='grc'>62</span> <span class='ocrx_word' id='word_1_56' title='bbox 1335 957 1514 1024; x_wconf 71' lang='lat' dir='ltr'>nasvedduje</span> <span class='ocrx_word' id='word_1_57' title='bbox 1526 964 1616 1020; x_wconf 87' lang='lat' dir='ltr'>tornu,</span> <span class='ocrx_word' id='word_1_58' title='bbox 1636 955 1669 1008; x_wconf 78' lang='lat' dir='ltr'>ie</span> <span class='ocrx_word' id='word_1_59' title='bbox 1684 956 1769 1008; x_wconf 78' lang='lat' dir='ltr'>irato</span> 
     </span>
     <span class='ocr_line' id='line_1_6' title="bbox 324 1043 1771 1117; baseline -0.002 -18"><span class='ocrx_word' id='word_1_60' title='bbox 324 1047 419 1100; x_wconf 88' lang='lat' dir='ltr'>listina</span> <span class='ocrx_word' id='word_1_61' title='bbox 444 1047 510 1117; x_wconf 88' lang='lat' dir='ltr'>byla</span> <span class='ocrx_word' id='word_1_62' title='bbox 538 1047 676 1100; x_wconf 76' lang='lat' dir='ltr'>odeslana</span> <span class='ocrx_word' id='word_1_63' title='bbox 702 1047 772 1116; x_wconf 78' lang='lat' dir='ltr'>bray</span> <span class='ocrx_word' id='word_1_64' title='bbox 797 1060 836 1113; x_wconf 93' lang='lat' dir='ltr'>po</span> <span class='ocrx_word' id='word_1_65' title='bbox 861 1046 1000 1101; x_wconf 75' lang='lat' dir='ltr'>obdrieni</span> <span class='ocrx_word' id='word_1_66' title='bbox 1020 1048 1144 1101; x_wconf 83' lang='lat' dir='ltr'>rozkazu</span> <span class='ocrx_word' id='word_1_67' title='bbox 1164 1045 1349 1113; x_wconf 83' lang='lat' dir='ltr'>arcibislrupa</span> <span class='ocrx_word' id='word_1_68' title='bbox 1370 1045 1576 1106; x_wconf 70' lang='lat' dir='ltr'>Mohudslreho,</span> <span class='ocrx_word' id='word_1_69' title='bbox 1605 1045 1675 1114; x_wconf 85' lang='lat' dir='ltr'>tedy</span> <span class='ocrx_word' id='word_1_70' title='bbox 1693 1043 1771 1113; x_wconf 70' lang='lat' dir='ltr'>Jeste</span> 
     </span>
     <span class='ocr_line' id='line_1_7' title="bbox 324 1135 633 1190; baseline 0 -2"><span class='ocrx_word' id='word_1_71' title='bbox 324 1153 361 1190; x_wconf 91' lang='lat' dir='ltr'>na</span> <span class='ocrx_word' id='word_1_72' title='bbox 380 1135 500 1189; x_wconf 71' lang='lat' dir='ltr'>zacatlru</span> <span class='ocrx_word' id='word_1_73' title='bbox 520 1135 633 1188; x_wconf 77' lang='lat' dir='ltr'>biezna.</span> 
     </span>
    </p>
   </div>
   <div class='ocr_carea' id='block_1_3' title="bbox 1018 1443 1070 1505">
    <p class='ocr_par' dir='ltr' id='par_1_3' title="bbox 1018 1443 1070 1505">
     <span class='ocr_line' id='line_1_8' title="bbox 1018 1443 1070 1505; baseline -0.019 0"><span class='ocrx_word' id='word_1_74' title='bbox 1018 1443 1070 1505; x_wconf 87' lang='lat'>62.</span> 
     </span>
    </p>
   </div>
   <div class='ocr_carea' id='block_1_4' title="bbox 316 1617 1771 1916">
    <p class='ocr_par' dir='ltr' id='par_1_4' title="bbox 316 1617 1771 1916">
     <span class='ocr_line' id='line_1_9' title="bbox 325 1617 1771 1703; baseline -0.003 -19"><span class='ocrx_word' id='word_1_75' title='bbox 325 1619 448 1701; x_wconf 85' lang='lat' dir='ltr'>Biskup</span> <span class='ocrx_word' id='word_1_76' title='bbox 488 1620 518 1682; x_wconf 88' lang='lat' dir='ltr'><em>T</em></span> <span class='ocrx_word' id='word_1_77' title='bbox 520 1619 608 1684; x_wconf 68' lang='lat' dir='ltr'>abiar</span> <span class='ocrx_word' id='word_1_78' title='bbox 641 1620 803 1703; x_wconf 80' lang='lat' dir='ltr'>odpovz&#39;dd</span> <span class='ocrx_word' id='word_1_79' title='bbox 829 1618 1041 1693; x_wconf 62' lang='lat' dir='ltr'>Jindae‘ickovi</span> <span class='ocrx_word' id='word_1_80' title='bbox 1063 1619 1301 1702; x_wconf 68' lang='lat' dir='ltr'>arcibzrleupovz&#39;</span> <span class='ocrx_word' id='word_1_81' title='bbox 1330 1617 1559 1682; x_wconf 70' lang='lat' dir='ltr'>Mohulrklmu</span> <span class='ocrx_word' id='word_1_82' title='bbox 1582 1617 1603 1679; x_wconf 80' lang='lat' dir='ltr'><em>k</em></span> <span class='ocrx_word' id='word_1_83' title='bbox 1627 1617 1771 1680; x_wconf 72' lang='lat' dir='ltr'>roakasu</span> 
     </span>
     <span class='ocr_line' id='line_1_10' title="bbox 316 1724 1771 1810; baseline -0.002 -20"><span class='ocrx_word' id='word_1_84' title='bbox 316 1727 396 1810; x_wconf 72' lang='lat' dir='ltr'>jalo</span> <span class='ocrx_word' id='word_1_85' title='bbox 427 1748 444 1789; x_wconf 86' lang='grc' dir='ltr'><em>ο</em></span> <span class='ocrx_word' id='word_1_86' title='bbox 476 1727 608 1809; x_wconf 81' lang='lat' dir='ltr'>placenz&#39;</span> <span class='ocrx_word' id='word_1_87' title='bbox 633 1727 812 1808; x_wconf 82' lang='lat' dir='ltr'>prokurace</span> <span class='ocrx_word' id='word_1_88' title='bbox 839 1726 987 1807; x_wconf 77' lang='lat' dir='ltr'>legdtovi.</span> <span class='ocrx_word' id='word_1_89' title='bbox 1036 1725 1152 1807; x_wconf 82' lang='lat' dir='ltr'>Statky</span> <span class='ocrx_word' id='word_1_90' title='bbox 1174 1726 1321 1790; x_wconf 69' lang='lat' dir='ltr'>cz‘rlcevm‘</span> <span class='ocrx_word' id='word_1_91' title='bbox 1341 1731 1378 1788; x_wconf 69' lang='lat' dir='ltr'>rie</span> <span class='ocrx_word' id='word_1_92' title='bbox 1401 1729 1467 1808; x_wconf 82' lang='lat' dir='ltr'>trpr‘</span> <span class='ocrx_word' id='word_1_93' title='bbox 1489 1725 1622 1788; x_wconf 81' lang='lat' dir='ltr'>doma&#39;cz&#39;</span> <span class='ocrx_word' id='word_1_94' title='bbox 1641 1724 1771 1802; x_wconf 82' lang='lat' dir='ltr'>va‘lkou,</span> 
     </span>
     <span class='ocr_line' id='line_1_11' title="bbox 403 1831 1692 1916; baseline -0.002 -20"><span class='ocrx_word' id='word_1_95' title='bbox 403 1834 512 1897; x_wconf 77' lang='lat' dir='ltr'>klems</span> <span class='ocrx_word' id='word_1_96' title='bbox 534 1839 570 1895; x_wconf 76' lang='lat' dir='ltr'>a&#39;e</span> <span class='ocrx_word' id='word_1_97' title='bbox 583 1834 623 1915; x_wconf 77' lang='lat' dir='ltr'>je</span> <span class='ocrx_word' id='word_1_98' title='bbox 648 1855 667 1893; x_wconf 86' lang='lat' dir='ltr'><em>v</em></span> <span class='ocrx_word' id='word_1_99' title='bbox 690 1833 770 1896; x_wconf 61' lang='lat' dir='ltr'>trini</span> <span class='ocrx_word' id='word_1_100' title='bbox 782 1833 838 1916; x_wconf 58' lang='lat' dir='ltr'>jis</span> <span class='ocrx_word' id='word_1_101' title='bbox 860 1833 1046 1896; x_wconf 73' lang='lat' dir='ltr'>nesledlrm</span> <span class='ocrx_word' id='word_1_102' title='bbox 1064 1833 1197 1916; x_wconf 69' lang='lat' dir='ltr'>placent</span> <span class='ocrx_word' id='word_1_103' title='bbox 1214 1833 1396 1916; x_wconf 82' lang='lat' dir='ltr'>prokurace</span> <span class='ocrx_word' id='word_1_104' title='bbox 1420 1832 1581 1895; x_wconf 65' lang='lat' dir='ltr'>minuldho</span> <span class='ocrx_word' id='word_1_105' title='bbox 1605 1831 1692 1895; x_wconf 84' lang='lat' dir='ltr'>roku.</span> 
     </span>
    </p>
   </div>
   <div class='ocr_carea' id='block_1_5' title="bbox 1283 2023 1661 2110">
    <p class='ocr_par' dir='ltr' id='par_1_5' title="bbox 1283 2023 1661 2110">
     <span class='ocr_line' id='line_1_12' title="bbox 1283 2023 1661 2110; baseline -0.013 -20"><span class='ocrx_word' id='word_1_106' title='bbox 1283 2023 1388 2110; x_wconf 73' lang='lat' dir='ltr'>(rasa</span> <span class='ocrx_word' id='word_1_107' title='bbox 1411 2027 1522 2090; x_wconf 69' lang='lat' dir='ltr'>anm</span> <span class='ocrx_word' id='word_1_108' title='bbox 1549 2025 1661 2108; x_wconf 74' lang='grc' dir='ltr'><em>ι-σ).</em></span> 
     </span>
    </p>
   </div>
   <div class='ocr_carea' id='block_1_6' title="bbox 386 2206 1715 2398">
    <p class='ocr_par' dir='ltr' id='par_1_6' title="bbox 386 2206 1715 2398">
     <span class='ocr_line' id='line_1_13' title="bbox 386 2206 1715 2290; baseline -0.005 -18"><span class='ocrx_word' id='word_1_109' title='bbox 386 2206 578 2290; x_wconf 89' lang='lat' dir='ltr'>Episcopus</span> <span class='ocrx_word' id='word_1_110' title='bbox 602 2209 754 2272; x_wconf 86' lang='lat' dir='ltr'>rescribit</span> <span class='ocrx_word' id='word_1_111' title='bbox 778 2208 1042 2286; x_wconf 82' lang='lat' dir='ltr'>archiepiscopo,</span> <span class='ocrx_word' id='word_1_112' title='bbox 1068 2207 1159 2288; x_wconf 92' lang='lat' dir='ltr'>quod</span> <span class='ocrx_word' id='word_1_113' title='bbox 1185 2207 1251 2268; x_wconf 91' lang='lat' dir='ltr'>vult</span> <span class='ocrx_word' id='word_1_114' title='bbox 1275 2207 1405 2268; x_wconf 90' lang='lat' dir='ltr'>solvere</span> <span class='ocrx_word' id='word_1_115' title='bbox 1428 2206 1715 2269; x_wconf 90' lang='lat' dir='ltr'>contribucionem</span> 
     </span>
     <span class='ocr_line' id='line_1_14' title="bbox 884 2307 1219 2398; baseline -0.003 -23"><span class='ocrx_word' id='word_1_116' title='bbox 884 2335 904 2375; x_wconf 90' lang='lat' dir='ltr'>a</span> <span class='ocrx_word' id='word_1_117' title='bbox 928 2307 1045 2398; x_wconf 86' lang='lat' dir='ltr'>cle[ro]</span> <span class='ocrx_word' id='word_1_118' title='bbox 1071 2307 1219 2396; x_wconf 72' lang='lat' dir='ltr'>lngatoJ.</span> 
     </span>
    </p>
   </div>
   <div class='ocr_carea' id='block_1_7' title="bbox 327 2489 1776 4929">
    <p class='ocr_par' dir='ltr' id='par_1_7' title="bbox 327 2489 1776 4929">
     <span class='ocr_line' id='line_1_15' title="bbox 435 2489 1772 2572; baseline -0.003 -16"><span class='ocrx_word' id='word_1_119' title='bbox 435 2493 632 2556; x_wconf 89' lang='lat' dir='ltr'>Reverendo</span> <span class='ocrx_word' id='word_1_120' title='bbox 669 2497 702 2555; x_wconf 90' lang='lat' dir='ltr'>in</span> <span class='ocrx_word' id='word_1_121' title='bbox 738 2490 869 2556; x_wconf 90' lang='lat' dir='ltr'>Christo</span> <span class='ocrx_word' id='word_1_122' title='bbox 904 2492 991 2572; x_wconf 92' lang='lat' dir='ltr'>patri</span> <span class='ocrx_word' id='word_1_123' title='bbox 1025 2511 1087 2554; x_wconf 92' lang='lat' dir='ltr'>suo</span> <span class='ocrx_word' id='word_1_124' title='bbox 1121 2501 1155 2552; x_wconf 88' lang='lat' dir='ltr'>et</span> <span class='ocrx_word' id='word_1_125' title='bbox 1189 2493 1337 2568; x_wconf 91' lang='lat' dir='ltr'>domino,</span> <span class='ocrx_word' id='word_1_126' title='bbox 1373 2491 1511 2553; x_wconf 92' lang='lat' dir='ltr'>domino</span> <span class='ocrx_word' id='word_1_127' title='bbox 1544 2489 1692 2554; x_wconf 90' lang='lat' dir='ltr'>Henrico</span> <span class='ocrx_word' id='word_1_128' title='bbox 1717 2493 1772 2553; x_wconf 92' lang='lat' dir='ltr'>dei</span> 
     </span>
     <span class='ocr_line' id='line_1_16' title="bbox 327 2596 1773 2685; baseline -0.003 -21"><span class='ocrx_word' id='word_1_129' title='bbox 327 2605 438 2685; x_wconf 85' lang='lat' dir='ltr'>gracia</span> <span class='ocrx_word' id='word_1_130' title='bbox 463 2611 577 2664; x_wconf 90' lang='lat' dir='ltr'>sancte</span> <span class='ocrx_word' id='word_1_131' title='bbox 602 2601 864 2682; x_wconf 86' lang='lat' dir='ltr'>Maguntinensis</span> <span class='ocrx_word' id='word_1_132' title='bbox 888 2599 977 2661; x_wconf 90' lang='lat' dir='ltr'>sedis</span> <span class='ocrx_word' id='word_1_133' title='bbox 1001 2599 1265 2678; x_wconf 88' lang='lat' dir='ltr'>archiepiscopo,</span> <span class='ocrx_word' id='word_1_134' title='bbox 1290 2601 1376 2660; x_wconf 91' lang='lat' dir='ltr'>sacri</span> <span class='ocrx_word' id='word_1_135' title='bbox 1400 2600 1529 2678; x_wconf 89' lang='lat' dir='ltr'>imperii</span> <span class='ocrx_word' id='word_1_136' title='bbox 1555 2619 1612 2678; x_wconf 87' lang='lat' dir='ltr'>per</span> <span class='ocrx_word' id='word_1_137' title='bbox 1634 2596 1773 2660; x_wconf 87' lang='lat' dir='ltr'>Germa-</span> 
     </span>
     <span class='ocr_line' id='line_1_17' title="bbox 327 2700 1774 2790; baseline -0.003 -19"><span class='ocrx_word' id='word_1_138' title='bbox 327 2715 417 2774; x_wconf 89' lang='lat' dir='ltr'>niam</span> <span class='ocrx_word' id='word_1_139' title='bbox 429 2707 727 2782; x_wconf 78' lang='lat' dir='ltr'>archicancellario,</span> <span class='ocrx_word' id='word_1_140' title='bbox 745 2700 944 2790; x_wconf 77' lang='lat' dir='ltr'>Th(obias)⁸</span> <span class='ocrx_word' id='word_1_141' title='bbox 960 2707 1135 2788; x_wconf 90' lang='lat' dir='ltr'>Pragensis</span> <span class='ocrx_word' id='word_1_142' title='bbox 1151 2707 1332 2784; x_wconf 92' lang='lat' dir='ltr'>episcopus</span> <span class='ocrx_word' id='word_1_143' title='bbox 1346 2705 1539 2767; x_wconf 87' lang='lat' dir='ltr'>omnimode</span> <span class='ocrx_word' id='word_1_144' title='bbox 1552 2706 1774 2768; x_wconf 90' lang='lat' dir='ltr'>subieccionis</span> 
     </span>
     <span class='ocr_line' id='line_1_18' title="bbox 328 2812 1772 2895; baseline -0.002 -16"><span class='ocrx_word' id='word_1_145' title='bbox 328 2818 552 2879; x_wconf 87' lang='lat' dir='ltr'>reverenciam</span> <span class='ocrx_word' id='word_1_146' title='bbox 577 2826 610 2877; x_wconf 92' lang='lat' dir='ltr'>et</span> <span class='ocrx_word' id='word_1_147' title='bbox 634 2816 805 2877; x_wconf 90' lang='lat' dir='ltr'>honorem.</span> <span class='ocrx_word' id='word_1_148' title='bbox 830 2812 922 2876; x_wconf 90' lang='lat' dir='ltr'>Scire</span> <span class='ocrx_word' id='word_1_149' title='bbox 947 2814 1100 2895; x_wconf 82' lang='lat' dir='ltr'>dignetur</span> <span class='ocrx_word' id='word_1_150' title='bbox 1124 2823 1231 2876; x_wconf 88' lang='lat' dir='ltr'>vestra</span> <span class='ocrx_word' id='word_1_151' title='bbox 1257 2815 1440 2892; x_wconf 84' lang='lat' dir='ltr'>paternitas</span> <span class='ocrx_word' id='word_1_152' title='bbox 1455 2815 1655 2887; x_wconf 87' lang='lat' dir='ltr'>veneranda,</span> <span class='ocrx_word' id='word_1_153' title='bbox 1679 2815 1772 2894; x_wconf 92' lang='lat' dir='ltr'>quod</span> 
     </span>
     <span class='ocr_line' id='line_1_19' title="bbox 328 2920 1772 3002; baseline -0.001 -18"><span class='ocrx_word' id='word_1_154' title='bbox 328 2944 389 2986; x_wconf 91' lang='lat' dir='ltr'>nos</span> <span class='ocrx_word' id='word_1_155' title='bbox 412 2923 524 2985; x_wconf 88' lang='lat' dir='ltr'>literas</span> <span class='ocrx_word' id='word_1_156' title='bbox 548 2931 673 2984; x_wconf 90' lang='lat' dir='ltr'>vestras</span> <span class='ocrx_word' id='word_1_157' title='bbox 696 2940 796 3002; x_wconf 89' lang='lat' dir='ltr'>super</span> <span class='ocrx_word' id='word_1_158' title='bbox 820 2920 940 2984; x_wconf 91' lang='lat' dir='ltr'>dandis</span> <span class='ocrx_word' id='word_1_159' title='bbox 963 2921 1263 3000; x_wconf 90' lang='lat' dir='ltr'>procuracionibus</span> <span class='ocrx_word' id='word_1_160' title='bbox 1287 2921 1425 2982; x_wconf 90' lang='lat' dir='ltr'>domino</span> <span class='ocrx_word' id='word_1_161' title='bbox 1449 2921 1560 3000; x_wconf 89' lang='lat' dir='ltr'>legato</span> <span class='ocrx_word' id='word_1_162' title='bbox 1585 2921 1674 2982; x_wconf 89' lang='lat' dir='ltr'>sedis</span> <span class='ocrx_word' id='word_1_163' title='bbox 1691 2940 1772 2999; x_wconf 92' lang='lat' dir='ltr'>apo-</span> 
     </span>
     <span class='ocr_line' id='line_1_20' title="bbox 328 3023 1774 3108; baseline -0.003 -15"><span class='ocrx_word' id='word_1_164' title='bbox 328 3031 446 3093; x_wconf 89' lang='lat' dir='ltr'>stolice</span> <span class='ocrx_word' id='word_1_165' title='bbox 474 3033 628 3108; x_wconf 88' lang='lat' dir='ltr'>proxima</span> <span class='ocrx_word' id='word_1_166' title='bbox 652 3030 707 3092; x_wconf 92' lang='lat' dir='ltr'>die</span> <span class='ocrx_word' id='word_1_167' title='bbox 732 3029 807 3090; x_wconf 94' lang='lat' dir='ltr'>lune</span> <span class='ocrx_word' id='word_1_168' title='bbox 832 3037 909 3108; x_wconf 91' lang='lat' dir='ltr'>post</span> <span class='ocrx_word' id='word_1_169' title='bbox 933 3028 1136 3090; x_wconf 90' lang='lat' dir='ltr'>dominicam</span> <span class='ocrx_word' id='word_1_170' title='bbox 1160 3024 1265 3102; x_wconf 92' lang='lat' dir='ltr'>,Oculi</span> <span class='ocrx_word' id='word_1_171' title='bbox 1289 3027 1363 3088; x_wconf 89' lang='lat' dir='ltr'>mei‘</span> <span class='ocrx_word' id='word_1_172' title='bbox 1387 3029 1541 3106; x_wconf 90' lang='lat' dir='ltr'>proxime</span> <span class='ocrx_word' id='word_1_173' title='bbox 1565 3023 1774 3106; x_wconf 78' lang='lat' dir='ltr'>preteritamb</span> 
     </span>
     <span class='ocr_line' id='line_1_21' title="bbox 330 3133 1775 3217; baseline -0.001 -19"><span class='ocrx_word' id='word_1_174' title='bbox 330 3138 515 3217; x_wconf 90' lang='lat' dir='ltr'>recepimus</span> <span class='ocrx_word' id='word_1_175' title='bbox 539 3136 641 3217; x_wconf 87' lang='lat' dir='ltr'>Prage</span> <span class='ocrx_word' id='word_1_176' title='bbox 666 3139 699 3198; x_wconf 90' lang='lat' dir='ltr'>in</span> <span class='ocrx_word' id='word_1_177' title='bbox 724 3137 826 3197; x_wconf 92' lang='lat' dir='ltr'>domo</span> <span class='ocrx_word' id='word_1_178' title='bbox 850 3143 966 3197; x_wconf 88' lang='lat' dir='ltr'>nostra</span> <span class='ocrx_word' id='word_1_179' title='bbox 990 3134 1171 3214; x_wconf 89' lang='lat' dir='ltr'>episcopali</span> <span class='ocrx_word' id='word_1_180' title='bbox 1195 3135 1276 3195; x_wconf 88' lang='lat' dir='ltr'>hora</span> <span class='ocrx_word' id='word_1_181' title='bbox 1301 3142 1396 3194; x_wconf 88' lang='lat' dir='ltr'>sexta</span> <span class='ocrx_word' id='word_1_182' title='bbox 1422 3152 1498 3195; x_wconf 90' lang='lat' dir='ltr'>curn</span> <span class='ocrx_word' id='word_1_183' title='bbox 1523 3153 1563 3195; x_wconf 88' lang='lat' dir='ltr'>ea</span> <span class='ocrx_word' id='word_1_184' title='bbox 1579 3153 1645 3214; x_wconf 89' lang='lat' dir='ltr'>qua</span> <span class='ocrx_word' id='word_1_185' title='bbox 1662 3133 1775 3196; x_wconf 91' lang='lat' dir='ltr'>decuit</span> 
     </span>
     <span class='ocr_line' id='line_1_22' title="bbox 330 3239 1773 3322; baseline -0.001 -17"><span class='ocrx_word' id='word_1_186' title='bbox 330 3247 519 3306; x_wconf 90' lang='lat' dir='ltr'>reverencia</span> <span class='ocrx_word' id='word_1_187' title='bbox 542 3253 575 3305; x_wconf 91' lang='lat' dir='ltr'>et</span> <span class='ocrx_word' id='word_1_188' title='bbox 599 3243 734 3316; x_wconf 90' lang='lat' dir='ltr'>honore,</span> <span class='ocrx_word' id='word_1_189' title='bbox 759 3242 902 3304; x_wconf 90' lang='lat' dir='ltr'>honesto</span> <span class='ocrx_word' id='word_1_190' title='bbox 926 3252 960 3304; x_wconf 92' lang='lat' dir='ltr'>et</span> <span class='ocrx_word' id='word_1_191' title='bbox 976 3240 1133 3322; x_wconf 88' lang='lat' dir='ltr'>religioso</span> <span class='ocrx_word' id='word_1_192' title='bbox 1150 3241 1220 3302; x_wconf 92' lang='lat' dir='ltr'>viro</span> <span class='ocrx_word' id='word_1_193' title='bbox 1237 3239 1337 3302; x_wconf 85' lang='lat' dir='ltr'>fratre</span> <span class='ocrx_word' id='word_1_194' title='bbox 1354 3285 1361 3298; x_wconf 92' lang='lat'><em>.</em></span> <span class='ocrx_word' id='word_1_195' title='bbox 1380 3289 1385 3300; x_wconf 96' lang='lat'><em>.</em></span> <span class='ocrx_word' id='word_1_196' title='bbox 1404 3241 1445 3302; x_wconf 92' lang='lat' dir='ltr'>de</span> <span class='ocrx_word' id='word_1_197' title='bbox 1464 3291 1469 3302; x_wconf 94' lang='lat'>.</span> <span class='ocrx_word' id='word_1_198' title='bbox 1488 3247 1509 3301; x_wconf 79' lang='lat'>.⁰</span> <span class='ocrx_word' id='word_1_199' title='bbox 1525 3241 1651 3303; x_wconf 88' lang='lat' dir='ltr'>ordinis</span> <span class='ocrx_word' id='word_1_200' title='bbox 1667 3243 1773 3303; x_wconf 90' lang='lat' dir='ltr'>sancti</span> 
     </span>
     <span class='ocr_line' id='line_1_23' title="bbox 329 3348 1772 3432; baseline -0.001 -20"><span class='ocrx_word' id='word_1_201' title='bbox 329 3351 490 3432; x_wconf 91' lang='lat' dir='ltr'>Johannis</span> <span class='ocrx_word' id='word_1_202' title='bbox 520 3348 777 3430; x_wconf 75' lang='lat' dir='ltr'>jerosolimitani</span> <span class='ocrx_word' id='word_1_203' title='bbox 808 3369 866 3410; x_wconf 89' lang='lat' dir='ltr'>eas</span> <span class='ocrx_word' id='word_1_204' title='bbox 890 3350 987 3412; x_wconf 89' lang='lat' dir='ltr'>nobis</span> <span class='ocrx_word' id='word_1_205' title='bbox 1012 3349 1232 3428; x_wconf 87' lang='lat' dir='ltr'>personaliter</span> <span class='ocrx_word' id='word_1_206' title='bbox 1255 3356 1335 3409; x_wconf 90' lang='lat' dir='ltr'>tunc</span> <span class='ocrx_word' id='word_1_207' title='bbox 1360 3349 1523 3428; x_wconf 91' lang='lat' dir='ltr'>temporis</span> <span class='ocrx_word' id='word_1_208' title='bbox 1548 3357 1772 3427; x_wconf 88' lang='lat' dir='ltr'>presentante,</span> 
     </span>
     <span class='ocr_line' id='line_1_24' title="bbox 330 3456 1775 3538; baseline -0.001 -18"><span class='ocrx_word' id='word_1_209' title='bbox 330 3459 421 3521; x_wconf 89' lang='lat' dir='ltr'>unde</span> <span class='ocrx_word' id='word_1_210' title='bbox 444 3459 595 3538; x_wconf 89' lang='lat' dir='ltr'>quamvis</span> <span class='ocrx_word' id='word_1_211' title='bbox 618 3457 714 3518; x_wconf 91' lang='lat' dir='ltr'>valde</span> <span class='ocrx_word' id='word_1_212' title='bbox 739 3457 859 3518; x_wconf 88' lang='lat' dir='ltr'>durum</span> <span class='ocrx_word' id='word_1_213' title='bbox 883 3464 917 3518; x_wconf 89' lang='lat' dir='ltr'>et</span> <span class='ocrx_word' id='word_1_214' title='bbox 940 3456 1158 3518; x_wconf 90' lang='lat' dir='ltr'>intollerabile</span> <span class='ocrx_word' id='word_1_215' title='bbox 1181 3456 1374 3517; x_wconf 90' lang='lat' dir='ltr'>mandatum</span> <span class='ocrx_word' id='word_1_216' title='bbox 1393 3457 1587 3533; x_wconf 88' lang='lat' dir='ltr'>recepimus,</span> <span class='ocrx_word' id='word_1_217' title='bbox 1612 3456 1655 3518; x_wconf 88' lang='lat' dir='ltr'>ad</span> <span class='ocrx_word' id='word_1_218' title='bbox 1679 3457 1775 3519; x_wconf 91' lang='lat' dir='ltr'>cuius</span> 
     </span>
     <span class='ocr_line' id='line_1_25' title="bbox 331 3553 1774 3644; baseline 0 -18"><span class='ocrx_word' id='word_1_219' title='bbox 331 3553 575 3627; x_wconf 87' lang='lat' dir='ltr'>execucionem</span> <span class='ocrx_word' id='word_1_220' title='bbox 608 3583 678 3637; x_wconf 89' lang='lat' dir='ltr'>nos,</span> <span class='ocrx_word' id='word_1_221' title='bbox 714 3563 830 3642; x_wconf 83' lang='lat' dir='ltr'>prelati</span> <span class='ocrx_word' id='word_1_222' title='bbox 866 3573 899 3625; x_wconf 91' lang='lat' dir='ltr'>et</span> <span class='ocrx_word' id='word_1_223' title='bbox 935 3564 1043 3626; x_wconf 89' lang='lat' dir='ltr'>clerus</span> <span class='ocrx_word' id='word_1_224' title='bbox 1079 3563 1252 3644; x_wconf 89' lang='lat' dir='ltr'>Pragensis</span> <span class='ocrx_word' id='word_1_225' title='bbox 1286 3565 1428 3625; x_wconf 90' lang='lat' dir='ltr'>civitatis</span> <span class='ocrx_word' id='word_1_226' title='bbox 1460 3563 1681 3641; x_wconf 91' lang='lat' dir='ltr'>etdyocesis</span> <span class='ocrx_word' id='word_1_227' title='bbox 1706 3584 1774 3626; x_wconf 92' lang='lat' dir='ltr'>non</span> 
     </span>
     <span class='ocr_line' id='line_1_26' title="bbox 330 3669 1774 3751; baseline -0.001 -17"><span class='ocrx_word' id='word_1_228' title='bbox 330 3670 511 3734; x_wconf 80' lang='lat' dir='ltr'>sufficimus</span> <span class='ocrx_word' id='word_1_229' title='bbox 542 3671 612 3732; x_wconf 89' lang='lat' dir='ltr'>sine</span> <span class='ocrx_word' id='word_1_230' title='bbox 642 3689 762 3751; x_wconf 87' lang='lat' dir='ltr'>magno</span> <span class='ocrx_word' id='word_1_231' title='bbox 787 3680 903 3732; x_wconf 91' lang='lat' dir='ltr'>nostro</span> <span class='ocrx_word' id='word_1_232' title='bbox 927 3681 961 3732; x_wconf 92' lang='lat' dir='ltr'>et</span> <span class='ocrx_word' id='word_1_233' title='bbox 985 3675 1134 3749; x_wconf 92' lang='lat' dir='ltr'>ipsorum</span> <span class='ocrx_word' id='word_1_234' title='bbox 1158 3669 1337 3749; x_wconf 89' lang='lat' dir='ltr'>dispendio</span> <span class='ocrx_word' id='word_1_235' title='bbox 1361 3680 1395 3732; x_wconf 91' lang='lat' dir='ltr'>et</span> <span class='ocrx_word' id='word_1_236' title='bbox 1417 3671 1543 3731; x_wconf 89' lang='lat' dir='ltr'>iactura</span> <span class='ocrx_word' id='word_1_237' title='bbox 1567 3680 1704 3750; x_wconf 89' lang='lat' dir='ltr'>propter</span> <span class='ocrx_word' id='word_1_238' title='bbox 1728 3674 1774 3732; x_wconf 95' lang='lat' dir='ltr'>in-</span> 
     </span>
     <span class='ocr_line' id='line_1_27' title="bbox 330 3771 1776 3860; baseline -0.002 -19"><span class='ocrx_word' id='word_1_239' title='bbox 330 3781 451 3841; x_wconf 90' lang='lat' dir='ltr'>testina</span> <span class='ocrx_word' id='word_1_240' title='bbox 482 3796 674 3859; x_wconf 82' lang='lat' dir='ltr'>guerrarum</span> <span class='ocrx_word' id='word_1_241' title='bbox 707 3771 866 3849; x_wconf 81' lang='lat' dir='ltr'>excidia,‘¹</span> <span class='ocrx_word' id='word_1_242' title='bbox 900 3796 966 3859; x_wconf 91' lang='lat' dir='ltr'>que</span> <span class='ocrx_word' id='word_1_243' title='bbox 998 3781 1031 3840; x_wconf 93' lang='lat' dir='ltr'>in</span> <span class='ocrx_word' id='word_1_244' title='bbox 1063 3797 1165 3860; x_wconf 88' lang='lat' dir='ltr'>regno</span> <span class='ocrx_word' id='word_1_245' title='bbox 1191 3775 1328 3839; x_wconf 90' lang='lat' dir='ltr'>Boemie</span> <span class='ocrx_word' id='word_1_246' title='bbox 1353 3777 1396 3838; x_wconf 87' lang='lat' dir='ltr'>de</span> <span class='ocrx_word' id='word_1_247' title='bbox 1420 3777 1474 3839; x_wconf 94' lang='lat' dir='ltr'>die</span> <span class='ocrx_word' id='word_1_248' title='bbox 1499 3779 1532 3839; x_wconf 95' lang='lat' dir='ltr'>in</span> <span class='ocrx_word' id='word_1_249' title='bbox 1556 3777 1644 3839; x_wconf 91' lang='lat' dir='ltr'>diem</span> <span class='ocrx_word' id='word_1_250' title='bbox 1669 3779 1776 3859; x_wconf 88' lang='lat' dir='ltr'>magis</span> 
     </span>
     <span class='ocr_line' id='line_1_28' title="bbox 331 3884 1776 3968; baseline -0.001 -21"><span class='ocrx_word' id='word_1_251' title='bbox 331 3905 371 3947; x_wconf 90' lang='lat' dir='ltr'>ac</span> <span class='ocrx_word' id='word_1_252' title='bbox 395 3887 501 3966; x_wconf 89' lang='lat' dir='ltr'>magis</span> <span class='ocrx_word' id='word_1_253' title='bbox 526 3884 688 3964; x_wconf 91' lang='lat' dir='ltr'>pullulant</span> <span class='ocrx_word' id='word_1_254' title='bbox 711 3893 745 3946; x_wconf 95' lang='lat' dir='ltr'>et</span> <span class='ocrx_word' id='word_1_255' title='bbox 769 3885 931 3968; x_wconf 87' lang='lat' dir='ltr'>augentur</span> <span class='ocrx_word' id='word_1_256' title='bbox 954 3885 997 3946; x_wconf 90' lang='lat' dir='ltr'>ad</span> <span class='ocrx_word' id='word_1_257' title='bbox 1022 3885 1324 3947; x_wconf 87' lang='lat' dir='ltr'>ecclesiasticorum</span> <span class='ocrx_word' id='word_1_258' title='bbox 1356 3887 1523 3946; x_wconf 91' lang='lat' dir='ltr'>bonorum</span> <span class='ocrx_word' id='word_1_259' title='bbox 1548 3885 1717 3947; x_wconf 88' lang='lat' dir='ltr'>residuum</span> <span class='ocrx_word' id='word_1_260' title='bbox 1742 3896 1776 3946; x_wconf 91' lang='lat' dir='ltr'>et</span> 
     </span>
     <span class='ocr_line' id='line_1_29' title="bbox 330 3991 1775 4072; baseline 0 -18"><span class='ocrx_word' id='word_1_261' title='bbox 330 3991 468 4054; x_wconf 86' lang='lat' dir='ltr'>evidens</span> <span class='ocrx_word' id='word_1_262' title='bbox 503 3991 747 4068; x_wconf 88' lang='lat' dir='ltr'>detrimentum,</span> <span class='ocrx_word' id='word_1_263' title='bbox 783 3992 922 4054; x_wconf 91' lang='lat' dir='ltr'>obedire</span> <span class='ocrx_word' id='word_1_264' title='bbox 952 4003 1064 4054; x_wconf 89' lang='lat' dir='ltr'>tamen</span> <span class='ocrx_word' id='word_1_265' title='bbox 1100 3992 1161 4054; x_wconf 89' lang='lat' dir='ltr'>hac</span> <span class='ocrx_word' id='word_1_266' title='bbox 1194 3995 1263 4054; x_wconf 90' lang='lat' dir='ltr'>vice</span> <span class='ocrx_word' id='word_1_267' title='bbox 1294 3994 1388 4054; x_wconf 91' lang='lat' dir='ltr'>vobis</span> <span class='ocrx_word' id='word_1_268' title='bbox 1423 4002 1455 4053; x_wconf 91' lang='lat' dir='ltr'>et</span> <span class='ocrx_word' id='word_1_269' title='bbox 1491 3991 1628 4053; x_wconf 88' lang='lat' dir='ltr'>domino</span> <span class='ocrx_word' id='word_1_270' title='bbox 1664 3993 1775 4072; x_wconf 86' lang='lat' dir='ltr'>legato</span> 
     </span>
     <span class='ocr_line' id='line_1_30' title="bbox 331 4097 1776 4180; baseline 0.001 -21"><span class='ocrx_word' id='word_1_271' title='bbox 331 4112 468 4180; x_wconf 90' lang='lat' dir='ltr'>propter</span> <span class='ocrx_word' id='word_1_272' title='bbox 490 4107 635 4162; x_wconf 87' lang='lat' dir='ltr'>vestram</span> <span class='ocrx_word' id='word_1_273' title='bbox 660 4101 883 4161; x_wconf 89' lang='lat' dir='ltr'>reverenciam</span> <span class='ocrx_word' id='word_1_274' title='bbox 907 4119 969 4161; x_wconf 90' lang='lat' dir='ltr'>nos</span> <span class='ocrx_word' id='word_1_275' title='bbox 993 4108 1127 4178; x_wconf 90' lang='lat' dir='ltr'>oportet</span> <span class='ocrx_word' id='word_1_276' title='bbox 1150 4099 1292 4161; x_wconf 88' lang='lat' dir='ltr'>ecclesie</span> <span class='ocrx_word' id='word_1_277' title='bbox 1316 4109 1429 4160; x_wconf 90' lang='lat' dir='ltr'>nostre</span> <span class='ocrx_word' id='word_1_278' title='bbox 1445 4097 1568 4160; x_wconf 89' lang='lat' dir='ltr'>ultimis</span> <span class='ocrx_word' id='word_1_279' title='bbox 1585 4109 1619 4161; x_wconf 88' lang='lat' dir='ltr'>et</span> <span class='ocrx_word' id='word_1_280' title='bbox 1635 4098 1776 4161; x_wconf 91' lang='lat' dir='ltr'>residuis</span> 
     </span>
     <span class='ocr_line' id='line_1_31' title="bbox 331 4205 1774 4288; baseline 0 -20"><span class='ocrx_word' id='word_1_281' title='bbox 331 4206 524 4287; x_wconf 90' lang='lat' dir='ltr'>pignoribus</span> <span class='ocrx_word' id='word_1_282' title='bbox 548 4206 712 4288; x_wconf 85' lang='lat' dir='ltr'>obligatis.</span> <span class='ocrx_word' id='word_1_283' title='bbox 739 4207 796 4267; x_wconf 91' lang='lat' dir='ltr'>llla</span> <span class='ocrx_word' id='word_1_284' title='bbox 820 4225 964 4286; x_wconf 91' lang='lat' dir='ltr'>namque</span> <span class='ocrx_word' id='word_1_285' title='bbox 990 4208 1129 4288; x_wconf 89' lang='lat' dir='ltr'>pignora</span> <span class='ocrx_word' id='word_1_286' title='bbox 1153 4206 1256 4284; x_wconf 91' lang='lat' dir='ltr'>ipsius</span> <span class='ocrx_word' id='word_1_287' title='bbox 1273 4205 1422 4276; x_wconf 88' lang='lat' dir='ltr'>ecclesie,</span> <span class='ocrx_word' id='word_1_288' title='bbox 1447 4224 1512 4285; x_wconf 90' lang='lat' dir='ltr'>que</span> <span class='ocrx_word' id='word_1_289' title='bbox 1530 4225 1590 4284; x_wconf 91' lang='lat' dir='ltr'>pro</span> <span class='ocrx_word' id='word_1_290' title='bbox 1607 4209 1686 4268; x_wconf 92' lang='lat' dir='ltr'>anni</span> <span class='ocrx_word' id='word_1_291' title='bbox 1702 4225 1774 4284; x_wconf 89' lang='lat' dir='ltr'>pre-</span> 
     </span>
     <span class='ocr_line' id='line_1_32' title="bbox 329 4311 1774 4395; baseline -0.001 -19"><span class='ocrx_word' id='word_1_292' title='bbox 329 4314 417 4376; x_wconf 89' lang='lat' dir='ltr'>teriti</span> <span class='ocrx_word' id='word_1_293' title='bbox 428 4313 723 4390; x_wconf 88' lang='lat' dir='ltr'>procuracionibus</span> <span class='ocrx_word' id='word_1_294' title='bbox 732 4313 881 4376; x_wconf 91' lang='lat' dir='ltr'>eiusdem</span> <span class='ocrx_word' id='word_1_295' title='bbox 891 4313 992 4395; x_wconf 90' lang='lat' dir='ltr'>legati</span> <span class='ocrx_word' id='word_1_296' title='bbox 1001 4313 1155 4395; x_wconf 77' lang='lat' dir='ltr'>obligarie</span> <span class='ocrx_word' id='word_1_297' title='bbox 1169 4315 1319 4391; x_wconf 90' lang='lat' dir='ltr'>oportuit</span> <span class='ocrx_word' id='word_1_298' title='bbox 1331 4311 1373 4372; x_wconf 93' lang='lat' dir='ltr'>ad</span> <span class='ocrx_word' id='word_1_299' title='bbox 1387 4331 1515 4387; x_wconf 77' lang='lat' dir='ltr'>usuraS,</span> <span class='ocrx_word' id='word_1_300' title='bbox 1528 4311 1638 4376; x_wconf 88' lang='lat' dir='ltr'>adhuc</span> <span class='ocrx_word' id='word_1_301' title='bbox 1651 4314 1774 4378; x_wconf 91' lang='lat' dir='ltr'>ibidem</span> 
     </span>
     <span class='ocr_line' id='line_1_33' title="bbox 332 4419 1772 4503; baseline -0.002 -20"><span class='ocrx_word' id='word_1_302' title='bbox 332 4428 505 4483; x_wconf 90' lang='lat' dir='ltr'>remanent</span> <span class='ocrx_word' id='word_1_303' title='bbox 521 4420 676 4503; x_wconf 89' lang='lat' dir='ltr'>obligata,</span> <span class='ocrx_word' id='word_1_304' title='bbox 695 4419 771 4501; x_wconf 90' lang='lat' dir='ltr'>quia</span> <span class='ocrx_word' id='word_1_305' title='bbox 788 4419 906 4482; x_wconf 89' lang='lat' dir='ltr'>redimi</span> <span class='ocrx_word' id='word_1_306' title='bbox 930 4438 998 4481; x_wconf 89' lang='lat' dir='ltr'>non</span> <span class='ocrx_word' id='word_1_307' title='bbox 1022 4429 1163 4498; x_wconf 91' lang='lat' dir='ltr'>possunt</span> <span class='ocrx_word' id='word_1_308' title='bbox 1179 4428 1317 4499; x_wconf 90' lang='lat' dir='ltr'>propter</span> <span class='ocrx_word' id='word_1_309' title='bbox 1333 4419 1468 4480; x_wconf 87' lang='lat' dir='ltr'>nimiam</span> <span class='ocrx_word' id='word_1_310' title='bbox 1485 4427 1644 4497; x_wconf 89' lang='lat' dir='ltr'>nostram,</span> <span class='ocrx_word' id='word_1_311' title='bbox 1667 4421 1772 4498; x_wconf 90' lang='lat' dir='ltr'>prela-</span> 
     </span>
     <span class='ocr_line' id='line_1_34' title="bbox 330 4524 1776 4606; baseline -0.001 -14"><span class='ocrx_word' id='word_1_312' title='bbox 330 4539 440 4592; x_wconf 91' lang='lat' dir='ltr'>torum</span> <span class='ocrx_word' id='word_1_313' title='bbox 457 4539 491 4590; x_wconf 92' lang='lat' dir='ltr'>et</span> <span class='ocrx_word' id='word_1_314' title='bbox 507 4527 585 4590; x_wconf 89' lang='lat' dir='ltr'>cleri</span> <span class='ocrx_word' id='word_1_315' title='bbox 601 4531 706 4589; x_wconf 87' lang='lat' dir='ltr'>nostri</span> <span class='ocrx_word' id='word_1_316' title='bbox 724 4527 871 4606; x_wconf 89' lang='lat' dir='ltr'>inopiam</span> <span class='ocrx_word' id='word_1_317' title='bbox 896 4524 1123 4602; x_wconf 87' lang='lat' dir='ltr'>manifestam;</span> <span class='ocrx_word' id='word_1_318' title='bbox 1146 4537 1179 4590; x_wconf 92' lang='lat' dir='ltr'>et</span> <span class='ocrx_word' id='word_1_319' title='bbox 1203 4535 1339 4606; x_wconf 88' lang='lat' dir='ltr'>propter</span> <span class='ocrx_word' id='word_1_320' title='bbox 1357 4527 1429 4602; x_wconf 91' lang='lat' dir='ltr'>hoc,</span> <span class='ocrx_word' id='word_1_321' title='bbox 1453 4527 1480 4589; x_wconf 89' lang='lat' dir='ltr'>si</span> <span class='ocrx_word' id='word_1_322' title='bbox 1499 4527 1645 4604; x_wconf 91' lang='lat' dir='ltr'>placeret</span> <span class='ocrx_word' id='word_1_323' title='bbox 1669 4527 1776 4590; x_wconf 90' lang='lat' dir='ltr'>domi·</span> 
     </span>
     <span class='ocr_line' id='line_1_35' title="bbox 330 4629 1776 4716; baseline 0 -20"><span class='ocrx_word' id='word_1_324' title='bbox 330 4636 479 4698; x_wconf 89' lang='lat' dir='ltr'>nacionis</span> <span class='ocrx_word' id='word_1_325' title='bbox 496 4629 615 4698; x_wconf 77' lang='lat' dir='ltr'>vestres</span> <span class='ocrx_word' id='word_1_326' title='bbox 626 4633 862 4710; x_wconf 77' lang='lat' dir='ltr'>benivolencia,</span> <span class='ocrx_word' id='word_1_327' title='bbox 879 4634 969 4713; x_wconf 89' lang='lat' dir='ltr'>apud</span> <span class='ocrx_word' id='word_1_328' title='bbox 985 4653 1046 4696; x_wconf 92' lang='lat' dir='ltr'>nos</span> <span class='ocrx_word' id='word_1_329' title='bbox 1061 4629 1102 4703; x_wconf 82' lang='lat' dir='ltr'>let</span> <span class='ocrx_word' id='word_1_330' title='bbox 1117 4641 1252 4696; x_wconf 91' lang='lat' dir='ltr'>nostros</span> <span class='ocrx_word' id='word_1_331' title='bbox 1269 4633 1494 4716; x_wconf 88' lang='lat' dir='ltr'>congruedici</span> <span class='ocrx_word' id='word_1_332' title='bbox 1512 4644 1641 4711; x_wconf 91' lang='lat' dir='ltr'>posset:</span> <span class='ocrx_word' id='word_1_333' title='bbox 1658 4635 1776 4710; x_wconf 89' lang='lat' dir='ltr'>,inanis</span> 
     </span>
     <span class='ocr_line' id='line_1_36' title="bbox 329 4735 1776 4822; baseline -0.001 -18"><span class='ocrx_word' id='word_1_334' title='bbox 329 4753 381 4806; x_wconf 91' lang='lat' dir='ltr'>est</span> <span class='ocrx_word' id='word_1_335' title='bbox 392 4745 513 4820; x_wconf 70' lang='lat' dir='ltr'>accio,g</span> <span class='ocrx_word' id='word_1_336' title='bbox 524 4761 622 4822; x_wconf 91' lang='lat' dir='ltr'>quam</span> <span class='ocrx_word' id='word_1_337' title='bbox 637 4735 802 4803; x_wconf 85' lang='lat' dir='ltr'>excludit¹²</span> <span class='ocrx_word' id='word_1_338' title='bbox 815 4741 925 4820; x_wconf 90' lang='lat' dir='ltr'>inopia</span> <span class='ocrx_word' id='word_1_339' title='bbox 938 4741 1118 4804; x_wconf 90' lang='lat' dir='ltr'>debitoris‘.</span> <span class='ocrx_word' id='word_1_340' title='bbox 1133 4741 1310 4803; x_wconf 90' lang='lat' dir='ltr'>Providere</span> <span class='ocrx_word' id='word_1_341' title='bbox 1323 4741 1419 4822; x_wconf 89' lang='lat' dir='ltr'>igitur</span> <span class='ocrx_word' id='word_1_342' title='bbox 1432 4739 1620 4822; x_wconf 87' lang='lat' dir='ltr'>dignemini,</span> <span class='ocrx_word' id='word_1_343' title='bbox 1630 4741 1776 4820; x_wconf 91' lang='lat' dir='ltr'>piissime</span> 
     </span>
     <span class='ocr_line' id='line_1_37' title="bbox 329 4841 1774 4929; baseline -0.001 -17"><span class='ocrx_word' id='word_1_344' title='bbox 329 4861 423 4929; x_wconf 89' lang='lat' dir='ltr'>pater</span> <span class='ocrx_word' id='word_1_345' title='bbox 458 4861 491 4911; x_wconf 92' lang='lat' dir='ltr'>et</span> <span class='ocrx_word' id='word_1_346' title='bbox 526 4849 668 4922; x_wconf 84' lang='lat' dir='ltr'>domine,</span> <span class='ocrx_word' id='word_1_347' title='bbox 705 4849 812 4910; x_wconf 91' lang='lat' dir='ltr'>divine</span> <span class='ocrx_word' id='word_1_348' title='bbox 852 4841 1143 4912; x_wconf 75' lang='lat' dir='ltr'>remuneracionisi</span> <span class='ocrx_word' id='word_1_349' title='bbox 1183 4848 1312 4920; x_wconf 90' lang='lat' dir='ltr'>intuitu,</span> <span class='ocrx_word' id='word_1_350' title='bbox 1356 4846 1447 4928; x_wconf 91' lang='lat' dir='ltr'>quod</span> <span class='ocrx_word' id='word_1_351' title='bbox 1486 4856 1593 4909; x_wconf 90' lang='lat' dir='ltr'>vestre</span> <span class='ocrx_word' id='word_1_352' title='bbox 1633 4849 1774 4910; x_wconf 88' lang='lat' dir='ltr'>circum·</span> 
     </span>
    </p>
   </div>
   <div class='ocr_carea' id='block_1_8' title="bbox 331 5143 1776 5394">
    <p class='ocr_par' dir='ltr' id='par_1_8' title="bbox 331 5143 1776 5394">
     <span class='ocr_line' id='line_1_38' title="bbox 436 5143 1774 5215; baseline 0.001 -17"><span class='ocrx_word' id='word_1_353' title='bbox 436 5145 463 5214; x_wconf 86' lang='lat' dir='ltr'>a)</span> <span class='ocrx_word' id='word_1_354' title='bbox 475 5145 516 5214; x_wconf 89' lang='lat' dir='ltr'>Jo‘</span> <span class='ocrx_word' id='word_1_355' title='bbox 531 5143 596 5211; x_wconf 85' lang='lat' dir='ltr'>Kap</span> <span class='ocrx_word' id='word_1_356' title='bbox 617 5145 639 5213; x_wconf 78' lang='lat' dir='ltr'>J,</span> <span class='ocrx_word' id='word_1_357' title='bbox 652 5173 681 5181; x_wconf 97' lang='lat'><em>-</em></span> <span class='ocrx_word' id='word_1_358' title='bbox 695 5144 725 5210; x_wconf 91' lang='lat' dir='ltr'>b)</span> <span class='ocrx_word' id='word_1_359' title='bbox 740 5145 895 5210; x_wconf 85' lang='lat' dir='ltr'>,preterita‘</span> <span class='ocrx_word' id='word_1_360' title='bbox 910 5144 950 5197; x_wconf 92' lang='lat' dir='ltr'>ln.</span> <span class='ocrx_word' id='word_1_361' title='bbox 964 5145 973 5197; x_wconf 94' lang='lat' dir='ltr'>i</span> <span class='ocrx_word' id='word_1_362' title='bbox 988 5143 1058 5211; x_wconf 85' lang='lat' dir='ltr'>Kap.</span> <span class='ocrx_word' id='word_1_363' title='bbox 1072 5144 1095 5213; x_wconf 88' lang='lat' dir='ltr'>J.</span> <span class='ocrx_word' id='word_1_364' title='bbox 1112 5173 1141 5182; x_wconf 91' lang='lat'>—-</span> <span class='ocrx_word' id='word_1_365' title='bbox 1157 5143 1184 5212; x_wconf 90' lang='lat' dir='ltr'>c)</span> <span class='ocrx_word' id='word_1_366' title='bbox 1197 5145 1278 5206; x_wconf 86' lang='lat' dir='ltr'>,talis‘</span> <span class='ocrx_word' id='word_1_367' title='bbox 1293 5143 1365 5212; x_wconf 88' lang='lat' dir='ltr'>Kap.</span> <span class='ocrx_word' id='word_1_368' title='bbox 1380 5145 1402 5213; x_wconf 92' lang='lat' dir='ltr'>J.</span> <span class='ocrx_word' id='word_1_369' title='bbox 1418 5174 1451 5182; x_wconf 95' lang='lat'>—-</span> <span class='ocrx_word' id='word_1_370' title='bbox 1466 5143 1496 5214; x_wconf 94' lang='lat' dir='ltr'>d)</span> <span class='ocrx_word' id='word_1_371' title='bbox 1510 5145 1651 5209; x_wconf 86' lang='lat' dir='ltr'>,exordia‘</span> <span class='ocrx_word' id='word_1_372' title='bbox 1666 5145 1738 5213; x_wconf 89' lang='lat' dir='ltr'>Kap.</span> <span class='ocrx_word' id='word_1_373' title='bbox 1751 5146 1774 5215; x_wconf 92' lang='lat' dir='ltr'>J.</span> 
     </span>
     <span class='ocr_line' id='line_1_39' title="bbox 331 5227 1776 5304; baseline 0 -17"><span class='ocrx_word' id='word_1_374' title='bbox 331 5265 365 5275; x_wconf 97' lang='lat'><strong>—</strong></span> <span class='ocrx_word' id='word_1_375' title='bbox 384 5233 412 5304; x_wconf 89' lang='lat' dir='ltr'>e)</span> <span class='ocrx_word' id='word_1_376' title='bbox 429 5247 491 5296; x_wconf 86' lang='lat' dir='ltr'>,nos</span> <span class='ocrx_word' id='word_1_377' title='bbox 510 5235 638 5304; x_wconf 89' lang='lat' dir='ltr'>obligare</span> <span class='ocrx_word' id='word_1_378' title='bbox 664 5227 736 5298; x_wconf 82' lang='lat' dir='ltr'>Kap.</span> <span class='ocrx_word' id='word_1_379' title='bbox 750 5233 772 5300; x_wconf 93' lang='lat' dir='ltr'>J.</span> <span class='ocrx_word' id='word_1_380' title='bbox 805 5263 834 5270; x_wconf 78' lang='lat'><em>-</em></span> <span class='ocrx_word' id='word_1_381' title='bbox 863 5233 885 5298; x_wconf 77' lang='lat' dir='ltr'>fJ</span> <span class='ocrx_word' id='word_1_382' title='bbox 906 5233 1012 5294; x_wconf 90' lang='lat' dir='ltr'>,vestri‘</span> <span class='ocrx_word' id='word_1_383' title='bbox 1032 5233 1070 5285; x_wconf 94' lang='lat' dir='ltr'>ln.</span> <span class='ocrx_word' id='word_1_384' title='bbox 1099 5261 1132 5271; x_wconf 92' lang='lat'>-</span> <span class='ocrx_word' id='word_1_385' title='bbox 1158 5233 1185 5303; x_wconf 83' lang='lat' dir='ltr'>g)</span> <span class='ocrx_word' id='word_1_386' title='bbox 1211 5235 1351 5294; x_wconf 83' lang='lat' dir='ltr'>‚exaccio‘</span> <span class='ocrx_word' id='word_1_387' title='bbox 1379 5233 1450 5301; x_wconf 90' lang='lat' dir='ltr'>Kap.</span> <span class='ocrx_word' id='word_1_388' title='bbox 1464 5235 1487 5304; x_wconf 92' lang='lat' dir='ltr'>J.</span> <span class='ocrx_word' id='word_1_389' title='bbox 1517 5264 1548 5273; x_wconf 95' lang='lat'>-</span> <span class='ocrx_word' id='word_1_390' title='bbox 1580 5233 1609 5303; x_wconf 89' lang='lat' dir='ltr'>h)</span> <span class='ocrx_word' id='word_1_391' title='bbox 1638 5235 1776 5300; x_wconf 89' lang='lat' dir='ltr'>,exaudit,</span> 
     </span>
     <span class='ocr_line' id='line_1_40' title="bbox 331 5321 1298 5394; baseline -0.005 -16"><span class='ocrx_word' id='word_1_392' title='bbox 331 5325 401 5394; x_wconf 88' lang='lat' dir='ltr'>Kap.</span> <span class='ocrx_word' id='word_1_393' title='bbox 421 5325 443 5394; x_wconf 91' lang='lat' dir='ltr'>J.</span> <span class='ocrx_word' id='word_1_394' title='bbox 469 5353 501 5362; x_wconf 97' lang='lat'>-</span> <span class='ocrx_word' id='word_1_395' title='bbox 521 5321 540 5392; x_wconf 90' lang='lat' dir='ltr'>i)</span> <span class='ocrx_word' id='word_1_396' title='bbox 561 5322 802 5386; x_wconf 85' lang='lat' dir='ltr'>,remerancionis&#39;</span> <span class='ocrx_word' id='word_1_397' title='bbox 823 5321 872 5384; x_wconf 87' lang='lat' dir='ltr'>ln,</span> <span class='ocrx_word' id='word_1_398' title='bbox 892 5323 1155 5384; x_wconf 72' lang='lat' dir='ltr'>,remuneracionis</span> <span class='ocrx_word' id='word_1_399' title='bbox 1184 5322 1255 5390; x_wconf 85' lang='lat' dir='ltr'>Kap.</span> <span class='ocrx_word' id='word_1_400' title='bbox 1276 5323 1298 5392; x_wconf 92' lang='lat' dir='ltr'>J.</span> 
     </span>
    </p>
   </div>
   <div class='ocr_carea' id='block_1_9' title="bbox 0 0 1996 5848">
    <p class='ocr_par' dir='ltr' id='par_1_9' title="bbox 0 0 1996 5848">
     <span class='ocr_line' id='line_1_41' title="bbox 0 0 1996 5848; baseline 0 0"><span class='ocrx_word' id='word_1_401' title='bbox 0 0 1996 5848; x_wconf 95' lang='lat' dir='ltr'> </span> 
     </span>
    </p>
   </div>
  </div>
 </body>
</html>
