3968 5848
933 394 967 444 73

222 617 257 668 et
290 604 391 669 officii
423 609 529 670 nostri
561 605 712 670 debitum
746 626 915 686 exercere,
949 615 1076 690 quanto
1107 626 1223 671 eorum
1255 627 1414 671 excessus
1439 607 1670 672 desereremus

222 713 469 792 dampnabilius
492 713 707 778 incorrectos.
732 713 934 778 Mandemus
957 716 1057 798 igitur
1080 715 1295 795 providencie
1317 723 1375 779 tue
1399 717 1431 777 in
1455 717 1574 778 virtute
1590 717 1670 779 obe-

222 821 352 883 diencie
376 819 515 884 firmiter
539 831 572 884 et
595 821 765 900 expresse,
789 831 956 902 quatenus
980 821 1190 885 insollentem
1214 830 1248 884 et
1271 823 1496 886 inordinatam
1519 825 1621 885 vitam
1637 833 1670 885 et

222 931 516 992 conversacionem
543 926 688 991 illicitam
713 928 934 1008 plebanorum
959 939 992 992 et
1016 929 1212 992 clericorum
1238 929 1464 1008 quorumlibet
1487 930 1671 992 decanatus

221 1038 277 1111 tui,
301 1037 355 1117 qui
373 1039 493 1098 armati
510 1054 588 1098 cum
600 1033 798 1100 fixuralibus
810 1035 928 1118 gladiis
941 1045 975 1099 et
987 1035 1128 1100 cultellis
1142 1045 1260 1099 contra
1277 1038 1457 1098 canonicas
1474 1039 1671 1099 sancciones

223 1151 418 1222 presumunt
448 1142 607 1205 incedere
638 1152 672 1205 et
694 1144 796 1205 vitam
819 1143 902 1206 alias
926 1144 1054 1206 ducunt
1077 1145 1259 1206 enormiter
1283 1143 1481 1205 dissolutam
1504 1161 1581 1205 cum
1604 1145 1672 1206 suis

223 1248 355 1312 locariis
378 1249 581 1326 indecenter,
606 1250 766 1312 reducere
791 1249 831 1312 ad
857 1258 981 1312 statum
1008 1251 1160 1314 debitum
1177 1258 1210 1312 et
1224 1249 1390 1312 salubrem
1408 1252 1541 1312 racione
1559 1253 1671 1328 previa

224 1375 286 1418 non
319 1357 491 1430 obmittas,
527 1375 587 1419 eos
611 1377 630 1419 a
654 1357 859 1437 quibuslibet
882 1358 1013 1420 actibus
1036 1357 1156 1420 illicitis
1181 1356 1371 1418 revocando
1396 1367 1430 1419 et
1453 1356 1496 1419 ad
1521 1356 1554 1418 id
1579 1360 1672 1434 ipsos

224 1467 315 1526 iuxta
347 1471 472 1526 statuta
505 1465 667 1527 canonica
701 1484 760 1545 per
783 1483 960 1527 censuram
985 1462 1247 1526 ecclesiasticam
1272 1462 1516 1543 compellendo,
1552 1472 1670 1525 contra

222 1570 387 1652 quoslibet
410 1570 650 1654 incorrigibiles
673 1578 706 1633 et
730 1573 762 1634 in
786 1590 847 1634 sua
871 1571 1032 1649 pertinaci
1055 1571 1186 1634 malicia
1211 1571 1431 1649 perdurantes
1448 1572 1614 1651 invocato,
1639 1571 1666 1634 si

222 1696 304 1757 opus
328 1677 436 1754 fuerit
460 1678 588 1741 auxilio
604 1677 730 1740 brachii
754 1676 919 1740 secularis.
943 1676 1113 1758 Alioquin,
1130 1695 1207 1740 cum
1225 1675 1375 1739 facientis
1392 1676 1525 1756 culpam
1542 1675 1667 1740 habere

223 1785 344 1847 debeat
368 1789 404 1861 is,
429 1785 485 1867 qui
502 1784 545 1862 id,
568 1785 661 1866 quod
686 1793 800 1866 potest
824 1785 996 1865 corrigere,
1019 1783 1157 1866 negligit
1181 1782 1369 1859 emendare,
1393 1791 1429 1844 tu
1454 1786 1526 1864 ipse
1544 1801 1664 1860 penam

222 1895 428 1970 canonicam,
458 1893 485 1954 si
517 1892 712 1955 mandatum
743 1900 895 1955 nostrum
919 1910 986 1953 non
1011 1889 1137 1968 leceris,
1169 1901 1203 1952 te
1226 1893 1359 1954 noveris
1384 1893 1603 1966 incursurum,
1634 1899 1668 1952 et

222 1999 284 2061 hoc
307 2005 419 2079 ipsum
442 1997 553 2062 lacere
576 2018 644 2062 non
668 2001 827 2063 obmittas
844 2007 976 2061 contra·
992 1994 1147 2061 vicariosb
1169 1998 1349 2061 Mutensis⁰
1364 1997 1514 2075 ecclesie,
1538 2001 1596 2079 qui
1611 1999 1669 2060 tibi

222 2126 287 2168 non
311 2107 486 2184 obediunt,
521 2108 607 2169 sicut
631 2108 764 2182 debent,
789 2107 1082 2168 excomunicando
1106 2125 1165 2168 eos
1189 2109 1391 2168 auctoritate
1414 2113 1529 2167 nostra
1553 2113 1587 2167 et
1609 2124 1668 2166 ex·

222 2215 505 2276 comunicacionis
540 2217 572 2276 in
608 2223 683 2276 toto
719 2213 887 2276 decanatu
923 2222 982 2275 tuo
1018 2212 1227 2276 denuncians
1258 2223 1292 2273 et
1325 2211 1520 2274 denunciari
1545 2211 1670 2274 faciens

221 2320 389 2383 sentencie
412 2321 594 2394 subiacere,
618 2330 654 2384 ut
677 2339 739 2402 pro
764 2322 887 2382 meritis
911 2321 1046 2402 dignam
1070 2320 1234 2399 recipiant
1256 2319 1432 2382 ulcionem.
1459 2316 1581 2382 Datum
1606 2327 1668 2382 etc.

325 2494 387 2548 Fol.
408 2499 441 2548 13
461 2493 484 2549 ἆ
504 2498 548 2558 86,
568 2493 613 2548 tei
632 2511 651 2547 v
669 2494 809 2563 rukopise
828 2495 958 2564 kapituly
978 2494 1102 2548 Praiske
1119 2495 1134 2564 J
1154 2492 1200 2548 40·
1221 2494 1269 2548 iol.
1288 2495 1358 2547 256¹.
1388 2477 1425 2546 Ze
1446 2501 1527 2548 tento
1547 2493 1594 2547 list
1610 2495 1668 2563 jest

220 2584 381 2637 adresovin
409 2583 556 2638 dekanovi
580 2599 599 2637 v
623 2583 709 2654 MJte,
738 2584 883 2652 dolrazuje
908 2585 1066 2638 souvislost
1092 2585 1161 2654 jehp
1194 2601 1208 2639 s
1234 2583 1283 2638 cis.
1309 2587 1342 2637 87
1374 2599 1391 2637 a
1423 2583 1504 2637 slova
1536 2583 1668 2646 ,vicarios

220 2671 359 2727 Mutensis
383 2672 515 2737 ecclesie,
550 2673 600 2740 qui
625 2673 678 2727 tibi
703 2688 762 2726 non
786 2673 937 2738 obediunt,
963 2675 1039 2728 sicut
1058 2674 1185 2727 debent‘.
1224 2672 1511 2742 chronologickem
1537 2673 1669 2726 omezeni

222 2763 321 2815 rokem
342 2765 414 2816 1290
433 2777 509 2817 srov.
529 2761 609 2816 uvod
627 2761 652 2816 Π
672 2768 696 2816 3.

921 3050 972 3114 87.

220 3209 340 3291 Biskup
376 3209 400 3274 7
402 3208 492 3272 abidi
521 3209 682 3292 adpovt'dd
713 3231 757 3273 na
785 3211 936 3273 stlinostr'
960 3210 1164 3292 purkmistra
1195 3231 1217 3272 a
1240 3212 1385 3274 miltant}
1417 3209 1592 3292 my‘tsty'clr,
1629 3209 1669 3272 ie

336 3317 464 3381 nair'dil
484 3316 655 3391 dlkanovr',
679 3317 739 3399 aby
756 3318 916 3397 potrestal
936 3316 1085 3381 knltstvo
1108 3317 1245 3381 vedoucz'
1264 3321 1435 3398 nesiizmy'
1458 3317 1552 3378 iivot.

1274 3477 1558 3560 (1279-12902).

337 3637 527 3718 Episcopus
552 3639 734 3718 respondet
758 3639 860 3701 iudici
884 3649 918 3700 et
941 3639 1076 3714 civibus,
1106 3639 1197 3719 quod
1223 3641 1353 3702 decano
1378 3640 1547 3702 mandavit

606 3745 746 3809 clericos
771 3745 1037 3825 indisciplinatos
1062 3740 1256 3826 captivare.d

326 3883 525 3972 Th(obias)e
548 3890 602 3952 dei
633 3893 744 3971 gracia
777 3900 838 3952 etc.
871 3890 1000 3952 dilectis
1034 3891 1065 3950 in
1098 3886 1230 3952 Christo
1255 3884 1389 3952 filiis..f
1412 3889 1513 3951 iudici
1538 3898 1571 3950 et
1595 3891 1665 3950 uni·

220 3997 363 4058 versitati
395 3997 513 4060 civium
547 3998 578 4058 in
611 3993 732 4076 (Muta)
766 3997 908 4059 salutem
940 4006 1001 4059 etc.
1039 3995 1147 4076 Super
1186 3998 1371 4060 inordinata
1408 3999 1667 4058 conversacione

220 4103 438 4181 plebanorum
463 4115 496 4166 et
520 4104 715 4166 clericorum
740 4105 973 4184 quorumlibet,
997 4108 1054 4184 qui
1078 4105 1168 4182 apud
1193 4124 1252 4165 vos
1276 4105 1393 4166 armati
1414 4103 1572 4164 incedunt
1589 4121 1665 4164 cum

218 4210 413 4273 fixuralibus
436 4211 553 4292 gladiis
578 4221 611 4272 et
635 4211 781 4285 cultellis,
813 4231 957 4292 quorum
988 4231 1068 4273 usus
1093 4213 1195 4290 laycis
1219 4212 1394 4285 inhibetur,
1426 4222 1541 4272 contra
1564 4229 1665 4272 cano·

219 4319 308 4380 nicas
331 4321 534 4392 sancciones,
570 4321 655 4380 sicut
678 4339 722 4381 ex
746 4331 863 4380 tenore
888 4319 1071 4381 litterarum
1096 4327 1280 4381 vestrarum
1305 4319 1524 4397 percepimus,
1556 4318 1665 4378 taliter

219 4445 262 4486 ex
294 4424 394 4486 officii
426 4429 532 4488 nostri
556 4427 670 4488 debito
695 4428 854 4489 duximus
879 4426 1130 4506 providendum,
1161 4437 1232 4488 tarn
1257 4427 1399 4488 salutem
1424 4443 1540 4486 eorum
1565 4443 1665 4506 quam

220 4533 434 4594 commodum
471 4543 698 4610 procurantes.
741 4533 896 4597 Honesto
932 4552 1077 4614 namque
1109 4534 1177 4594 viro
1211 4543 1243 4594 et
1275 4533 1417 4612 provido
1449 4531 1498 4612 Jo.
1531 4531 1661 4595 decano

219 4637 379 4702 Mutensiss
404 4658 464 4717 per
487 4649 619 4701 nostras
643 4639 770 4702 litteras
786 4639 922 4703 firmiter
939 4641 1094 4702 dedimus
1110 4640 1142 4701 in
1160 4648 1336 4718 preceptis,
1362 4649 1398 4700 ut
1415 4639 1486 4715 ipse
1504 4636 1666 4714 plebanos

218 4755 251 4806 et
274 4746 415 4808 clericos
432 4747 652 4826 supradictos,
676 4750 904 4829 cuiuscunque
929 4757 1036 4810 status
1060 4760 1092 4809 et
1117 4747 1325 4808 condicionis
1350 4746 1505 4819 existant,
1537 4747 1593 4826 qui
1617 4745 1663 4805 in·

218 4853 391 4915 sollentem
424 4861 458 4914 et
488 4855 700 4916 temerariam
732 4856 833 4916 vitam
866 4854 1000 4931 ducunt,
1036 4856 1129 4915 iuxta
1154 4862 1280 4916 statuta
1304 4873 1474 4915 sacrorum
1499 4869 1664 4914 canonum

325 5060 353 5131 a)
366 5063 460 5126 ,circa‘
473 5061 520 5126 ln,
536 5065 654 5126 ,contra‘
668 5063 740 5131 Kap.
754 5063 777 5132 J.
792 5093 823 5101 —
838 5062 868 5133 b)
882 5065 1037 5128 ‚vicarium
1048 5062 1098 5124 ln,
1118 5063 1249 5126 ,vicarios
1262 5063 1330 5131 Kap.
1342 5061 1363 5130 J.
1381 5091 1410 5100 —-
1427 5067 1453 5128 c)
1464 5061 1544 5125 ,talis‘
1556 5061 1627 5129 Kap.
1641 5063 1663 5131 J.

220 5177 251 5190 -
272 5152 303 5218 d)
324 5151 364 5206 Po
389 5151 487 5205 strand
506 5169 541 5205 na
562 5153 654 5222 okraji
673 5169 691 5205 v
710 5153 750 5205 In.
769 5154 849 5220 jinou
868 5155 963 5206 rukou
984 5152 1121 5220 piipsino
1142 5153 1187 5214 ,ad
1207 5159 1318 5222 tergum
1339 5153 1496 5206 excessus‘.
1518 5181 1548 5189 —
1569 5153 1597 5218 el
1617 5150 1666 5219 ,Jo‘

219 5239 288 5310 Kap.
299 5239 322 5309 J.
343 5271 376 5279 -
397 5241 419 5307 l)
439 5241 484 5305 ,P.¹
506 5241 578 5309 Kap.
588 5242 611 5310 J.
632 5271 664 5282 -
684 5242 712 5312 g)
732 5243 798 5306 ,tali
818 5243 889 5310 Kap.
903 5244 927 5312 J.
