3968 5848
1031 391 1082 439 130

1024 656 1095 718 163.

380 799 549 862 Krctlovna
573 794 691 883 (Geta)
715 799 884 880 oznamuje
898 799 1071 879 yoke'musi
1088 799 1295 882 poddondmu
1319 802 1446 862 tlastne‘
1466 799 1624 860 rrarozem‘
1646 817 1737 877 syna.

1418 977 1522 1047 (1288
1542 974 1673 1049 kvdten).

840 1084 895 1147 Ad
919 1086 1008 1147 idem
1034 1086 1076 1148 ad
1101 1086 1283 1150 subditum.

441 1226 622 1306 Assumpte
648 1228 744 1290 nobis
768 1229 811 1290 de
834 1248 919 1290 nove
944 1228 1047 1308 prolis
1071 1240 1146 1291 ortu
1172 1230 1278 1291 leticie
1303 1229 1524 1292 devocionem
1556 1235 1648 1290 tuam
1673 1223 1782 1286 facere

337 1337 533 1414 participem
545 1336 727 1414 cupientes,
746 1335 789 1396 ad
806 1345 838 1397 te
852 1335 1052 1398 mittendum
1069 1333 1214 1416 (talem)⁸
1237 1337 1404 1410 duximus,
1420 1355 1482 1398 nos
1494 1354 1601 1413 nuper
1613 1333 1783 1413 peperisse

336 1441 448 1517 filium,
473 1441 663 1517 relaturum,
687 1437 879 1504 credentesb
903 1443 1120 1526 ambiguitate
1137 1443 1286 1523 qualibet
1302 1443 1418 1522 procul
1436 1451 1535 1520 mota,
1559 1441 1650 1523 quod
1668 1448 1784 1500 nostro

337 1551 459 1610 nuncio
483 1547 655 1611 evidenter
678 1559 711 1610 et
736 1547 918 1612 honorifice
942 1557 1000 1612 tua
1017 1548 1202 1611 declarabit
1223 1550 1371 1625 devocio,
1397 1561 1558 1630 quantum
1583 1549 1679 1611 nobis
1704 1565 1782 1608 con-

337 1657 483 1738 gaudeat
507 1659 541 1718 in
566 1659 709 1718 recentis
733 1654 788 1718 tilii
814 1659 1011 1719 nativitate.c
1036 1654 1161 1718 Datum
1186 1666 1247 1718 etc.

444 1811 502 1866 Fol.
522 1815 556 1866 25
576 1811 599 1865 c.
615 1817 675 1876 163,
689 1812 735 1866 tel
755 1829 773 1864 v
787 1814 924 1880 rukopise
944 1813 1075 1881 kapituly
1090 1812 1438 1882 PraesteJ⁴o⁵s01.275¹.
1457 1813 1538 1868 Srov.
1553 1827 1636 1880 poen.
1651 1829 1669 1865 u
1685 1813 1708 1864 ὸ.
1724 1815 1785 1864 160.

1025 2105 1096 2166 164.
1185 2164 1193 2176 ,

337 2243 461 2325 Biskup
490 2243 519 2308 Τ
515 2244 605 2306 obz'a‘s‘
627 2244 715 2306 deve
737 2249 828 2326 svyim
849 2244 1032 2325 poddany'm
1055 2265 1076 2306 v
1106 2243 1251 2326 Oustedl
1274 2266 1295 2306 u
1320 2245 1429 2324 Bt'lz'ny
1460 2243 1522 2326 3¹),
1551 2244 1628 2306 la'nu
1652 2243 1786 2320 prevent

966 2350 1154 2432 nlmecky‘m.

1425 2440 1518 2502 1289
1540 2443 1623 2523 ἔψη
1648 2442 1677 2503 J.

503 2600 693 2682 Episcopus
718 2602 805 2664 locat
828 2602 936 2663 villam
962 2605 1033 2664 iure
1057 2605 1229 2664 teutonico
1255 2621 1330 2664 cum
1356 2603 1620 2664 condicionibus.
1654 2618 1655 2622 ’

429 2744 465 2806 In
482 2745 615 2807 nomine
640 2744 767 2807 domini
781 2763 887 2806 amen.
915 2743 984 2805 Nos
1000 2739 1197 2826 Th(obias)d
1214 2747 1268 2806 dei
1285 2747 1396 2827 gracia
1414 2745 1588 2826 Pragensis
1606 2746 1787 2823 episcopus

338 2863 455 2916 notum
479 2872 552 2914 esse
576 2852 730 2914 volumus
753 2854 914 2913 universis
939 2864 1111 2930 presentes
1135 2852 1248 2914 literas
1272 2851 1478 2931 inspecturis,
1502 2854 1593 2930 quod
1619 2871 1679 2914 nos
1697 2871 1788 2914 anno

338 2961 466 3023 domini
492 2955 788 3036 lllCCLXXXlX0,
811 2958 982 3021 Kalendas
1007 2957 1178 3022 Octobrise
1203 2961 1396 3022 hominibus
1419 2961 1542 3021 nostris
1566 2959 1702 3021 deloco
1722 2959 1789 3020 sito

339 3075 416 3128 ante
441 3058 611 3142 Belynams
632 3063 808 3140 civitatem,
840 3066 896 3144 qui
928 3065 1106 3147 vulgariter
1139 3061 1282 3149 Wgezds
1311 3065 1494 3147 appelatur,
1529 3066 1574 3128 lll
1607 3065 1723 3129 laneos
1754 3075 1788 3128 et

343 3169 379 3256 ¹),
407 3175 449 3235 de
472 3175 568 3234 terris
593 3174 808 3252 episcopatus
832 3174 935 3235 nostri
959 3173 1085 3236 ibidem
1109 3177 1369 3236 consistentibus
1388 3176 1450 3236 sub
1468 3194 1579 3237 annuo
1596 3193 1699 3236 censu
1717 3176 1790 3236 iure

338 3280 510 3342 teutonico
535 3280 716 3341 locavimus
739 3281 771 3341 in
797 3279 885 3341 hunc
909 3282 1057 3354 modum,
1082 3281 1173 3361 quod
1198 3281 1352 3343 videlicet
1377 3282 1531 3344 homines
1553 3284 1616 3360 ipsi
1633 3283 1731 3344 nobis
1755 3289 1788 3342 et

339 3387 587 3450 successoribus
611 3387 733 3448 nostris
758 3387 800 3448 de
817 3387 983 3449 iamdictis
1009 3387 1054 3448 lll
1080 3389 1183 3450 laneis
1208 3401 1241 3450 et
1262 3385 1295 3468 ¹l,
1326 3389 1372 3451 lll
1389 3409 1520 3452 marcas
1537 3401 1569 3450 et
1591 3385 1626 3472 ΙΙ,
1645 3387 1789 3450 inbono

340 3505 373 3558 et
396 3514 480 3574 puro
512 3502 651 3576 argento
683 3513 758 3555 cum
791 3493 822 3556 X
853 3496 945 3555 aucis
977 3495 1155 3576 pinguibus
1187 3505 1220 3556 et
1250 3495 1325 3556 LXg
1357 3497 1456 3578 pullis
1489 3499 1584 3558 bonis
1617 3495 1787 3557 annuatim

339 3604 540 3666 tenebuntur
564 3601 700 3675 solvere,
725 3610 758 3662 et
782 3601 974 3681 persolvent
1005 3602 1151 3662 medium
1183 3621 1300 3664 eorum
1330 3605 1364 3666 in
1388 3603 1474 3666 festo
1498 3607 1604 3665 sancti
1636 3595 1790 3683 Georgiikt

340 3719 373 3771 et
389 3709 478 3772 aliud
496 3709 639 3770 medium
657 3711 690 3770 in
702 3707 879 3770 festivitate
896 3710 1001 3770 sancti
1014 3708 1109 3784 Galli,
1134 3709 1198 3771 hoc
1215 3711 1350 3772 adiecto
1367 3711 1554 3790 specialiter
1570 3721 1602 3771 et
1619 3730 1788 3790 expresse,

340 3817 431 3899 quod
457 3817 499 3879 ad
524 3819 587 3879 tria
612 3817 734 3878 iudicia
758 3818 925 3895 comunia,
948 3837 1013 3898 que
1037 3829 1087 3879 ter
1110 3818 1143 3880 in
1161 3837 1248 3880 anno
1273 3819 1342 3880 fieri
1367 3829 1621 3893 consueverunt,
1645 3817 1788 3880 villicum

342 3937 492 3988 nostrum
529 3935 562 3986 et
601 3943 834 3986 successorum
869 3933 1069 4000 nostrorum,
1103 3927 1160 4006 qui
1192 3945 1252 4005 pro
1284 3938 1437 4003 tempore
1469 3927 1575 4000 luerit,
1607 3937 1665 3986 aut
1703 3927 1790 3987 alios

340 4034 480 4095 nuncios
503 4040 645 4104 nostroe,
677 4024 771 4110 quosi
796 4030 838 4092 ad
870 4051 929 4094 eos
961 4033 1156 4094 duxerimus
1189 4026 1424 4104 destinandos,i
1456 4033 1573 4094 debito
1606 4032 1709 4095 modo
1742 4051 1786 4093 re-

341 4135 481 4220 cipientk
513 4149 546 4200 et
577 4139 608 4200 in
633 4139 791 4217 expensis
823 4139 979 4219 congruis
1012 4141 1197 4202 comuniter
1230 4142 1467 4218 procurabunt.
1507 4138 1789 4218 Quandocunque

341 4257 454 4310 autem
477 4247 594 4326 aliquis
618 4265 662 4307 ex
678 4247 758 4323 ipsis
782 4245 973 4308 hominibus
996 4248 1038 4309 de
1063 4246 1176 4326 aliquo
1201 4249 1308 4310 vicino
1339 4267 1402 4310 suo
1434 4248 1592 4328 conqueri
1624 4248 1788 4320 debuerit,

341 4371 454 4415 coram
480 4353 630 4432 predicto
654 4353 763 4415 villico
787 4365 903 4415 nostro
928 4365 961 4415 et
984 4364 1176 4416 nostrorum
1201 4373 1433 4436 successorum
1449 4363 1484 4415 et
1499 4373 1565 4416 non
1584 4373 1698 4416 coram
1723 4355 1790 4415 alio

343 4468 571 4540 prosequetur,
595 4459 794 4522 advocando
820 4479 895 4521 eum
921 4461 963 4522 ad
990 4461 1099 4523 locum
1131 4463 1327 4541 predictum,
1358 4472 1395 4524 ut
1418 4461 1545 4524 ibidem
1569 4481 1684 4523 coram
1714 4462 1788 4540 ipso

342 4550 548 4648 querimonia
574 4567 747 4647 proposita
770 4571 974 4643 terminetur,
998 4587 1037 4629 ac
1061 4570 1093 4630 in
1118 4572 1278 4648 expensis
1302 4570 1424 4631 debitis
1447 4569 1674 4648 procurando.
1706 4568 1787 4630 Adi·

342 4676 448 4737 cimus
471 4677 615 4754 insuper,
640 4674 741 4753 quod,
766 4676 792 4737 si
809 4676 883 4755 quis
908 4671 977 4754 (de)
1001 4676 1193 4738 hominibus
1217 4677 1281 4737 iam
1306 4678 1465 4755 predictis
1488 4677 1519 4737 in
1544 4675 1626 4738 locis
1649 4674 1721 4737 aliis
1746 4677 1792 4737 ab

342 4782 506 4863 aliquibus
530 4781 672 4844 dominis
703 4783 753 4844 vel
785 4783 921 4859 supanis
945 4777 1059 4844 terras¹
1083 4781 1133 4844 vel
1157 4793 1320 4846 terrarum
1344 4782 1460 4845 laneos
1483 4795 1541 4846 aut
1565 4784 1697 4853 laneum
1721 4785 1789 4844 sive

449 4972 476 5037 a)
497 4973 648 5040 Doplneno
667 4973 715 5026 dle
734 4973 791 5027 Mn.
812 5003 844 5010 —
870 4975 900 5040 b)
921 4973 1097 5042 ‚reddentes‘
1123 4973 1170 5035 ln,
1197 4975 1369 5039 ,credentes‘
1396 4976 1465 5042 Kap.
1485 4975 1507 5044 J.
1535 5003 1566 5012 —
1587 4972 1615 5042 c)
1640 4975 1790 5039 ,novitate‘

342 5062 390 5124 ln,
404 5063 570 5123 ,nativitate‘
584 5063 655 5129 Kap.
668 5061 690 5130 J.
712 5091 743 5100 -
763 5061 793 5132 d)
807 5062 858 5130 ,Jo‘
878 5063 950 5128 Kap.
967 5062 990 5132 J.
1005 5067 1078 5118 —el
1092 5079 1178 5130 ,anno
1191 5064 1219 5115 d.
1234 5063 1270 5116 Μι
1283 5071 1338 5116 etc.
1352 5063 1425 5131 Kap.
1437 5063 1460 5131 J.
1471 5093 1505 5102 -
1519 5063 1533 5116 i
1559 5103 1579 5126 ,.
1594 5069 1614 5116 .¹
1629 5063 1700 5132 Kap.
1714 5063 1737 5132 J.
1754 5093 1790 5104 -

343 5153 371 5222 g)
390 5151 432 5213 ,L‘
451 5149 523 5218 Kap.
537 5151 558 5220 J.
581 5179 615 5190 -
638 5150 667 5221 h)
694 5151 800 5212 ,Georii
826 5151 875 5212 ln,
902 5149 1036 5220 ,Georgii‘
1064 5153 1134 5219 Kap.
1148 5153 1169 5221 J.
1199 5182 1232 5190 -
1258 5153 1278 5216 i)
1303 5159 1395 5220 ,quas
1422 5153 1469 5214 ln,
1490 5156 1581 5222 ,quos‘
1607 5153 1679 5221 Kap.
1704 5153 1727 5221 J.
1758 5183 1788 5194 -

343 5239 362 5308 i)
381 5239 586 5302 ,destinandas‘
606 5241 656 5305 ln,
677 5241 884 5305 ,destinandos‘
905 5241 974 5309 Kap.
993 5241 1015 5310 J.
1037 5271 1067 5280 -
1089 5242 1119 5308 k)
1139 5243 1295 5310 ‚recipiant‘
1315 5243 1355 5296 In.
1376 5271 1408 5281 -
1429 5243 1447 5311 l)
1468 5245 1571 5304 ,terris‘
1590 5243 1631 5296 ln.
