3988 5844
1049 380 1100 430 19⁴

353 587 502 669 Lipardo
527 600 561 652 et
584 593 677 654 socio
703 593 774 654 eius
797 590 907 654 taliter
930 594 1094 671 convenit,
1118 593 1210 674 quod
1236 595 1314 657 dicti
1339 594 1506 675 Lipardus
1530 606 1564 658 et
1588 598 1700 660 socius
1724 600 1802 660 eius

353 698 560 774 iuvabuntur,
578 700 609 760 in
627 707 788 779 quantum
805 709 955 781 possunt,
967 700 1094 762 dictum
1108 699 1316 780 Sipotonem,
1333 713 1369 764 ut
1387 704 1597 784 reacquirant
1620 705 1730 768 dictas
1747 705 1795 768 lX

352 824 481 867 marcas
505 816 538 868 et
566 801 602 889 ll,
629 825 731 888 super
756 807 860 868 domo
892 807 942 869 vel
966 826 1067 888 super
1097 809 1249 888 predicto
1273 808 1464 885 Pertholdo‚
1490 821 1523 873 et
1545 823 1636 888 tunc,
1661 813 1689 873 si
1713 813 1795 874 dicti

352 910 521 992 Lipardus
544 924 577 974 et
601 915 712 976 socius
743 913 814 975 eius
839 915 1054 977 rehabuerint
1085 915 1193 978 dictas
1224 935 1354 979 marcas
1378 937 1399 978 a
1424 917 1514 980 dicto
1540 917 1721 982 Pertholdo
1745 919 1797 980 vel

352 1024 394 1084 de
418 1018 522 1082 domo
546 1020 683 1100 prefata,
707 1022 959 1100 prenominatus
982 1018 1102 1101 Sipoto
1127 1026 1190 1086 erit
1212 1042 1231 1084 a
1255 1023 1469 1086 fideiussione
1494 1025 1622 1088 solutus
1645 1035 1680 1087 et
1704 1026 1798 1100 liber,

351 1127 411 1191 sed
436 1131 464 1191 si
488 1128 568 1190 dicti
591 1127 758 1207 Lipardus
781 1137 815 1190 et
838 1129 950 1190 socius
973 1129 1044 1190 eius
1068 1129 1192 1192 dictam
1216 1131 1394 1210 pecuniam
1418 1150 1487 1194 non
1511 1131 1720 1196 rehabebunt
1743 1131 1795 1193 vel

351 1236 512 1298 rehabere
537 1236 683 1313 poterint
707 1254 725 1296 a
750 1236 841 1298 dicto
867 1235 1023 1298 Pertoldo
1049 1247 1082 1299 et
1105 1236 1209 1298 domo
1227 1237 1305 1312 eius,
1328 1245 1409 1300 tunc
1432 1238 1541 1301 dictus
1565 1235 1686 1317 Sipoto
1709 1251 1793 1302 tam·

350 1363 450 1424 quam
474 1362 572 1404 verus
596 1361 714 1404 eorum
737 1342 912 1404 fideiussor
943 1345 1070 1406 eisdem
1096 1343 1244 1423 Lipardo
1269 1355 1302 1406 et
1326 1346 1419 1408 socio
1444 1347 1514 1407 eius
1537 1345 1706 1409 tenebitur
1730 1345 1796 1408 sol-

349 1470 426 1512 vere
451 1451 558 1512 dictas
583 1449 630 1511 IX
647 1468 777 1512 marcas
801 1459 834 1510 et
855 1445 889 1530 ιβ,
911 1453 1038 1532 argenti
1055 1469 1100 1511 ex
1116 1469 1205 1512 nunc
1229 1470 1336 1534 usque
1360 1452 1404 1514 ad
1421 1450 1542 1516 festum
1560 1453 1649 1516 beati
1674 1452 1794 1534 Jacobi

350 1561 502 1637 primitus
526 1556 716 1620 affuturum.

458 1731 517 1786 Fol.
543 1730 584 1786 42¹
612 1730 635 1786 t.
657 1735 717 1794 252,
737 1730 782 1784 tei
811 1747 829 1783 v
855 1731 1074 1786 mnichovskem
1100 1733 1142 1786 rk.
1169 1731 1218 1788 sol.
1239 1735 1300 1786 123⁴
1325 1731 1349 1788 ὅ.
1370 1738 1404 1786 53
1430 1732 1547 1800 (Ταάη,
1569 1733 1692 1788 νέεῐηῦι
1717 1735 1794 1802 spol.

347 1821 426 1875 naulr
447 1823 516 1874 1889
534 1828 569 1874 st.
590 1825 642 1874 105
662 1820 685 1874 ἐ.
705 1820 796 1886 ΧΙΧ).

458 1948 477 2015 ¹)
497 1946 522 1999 U
541 1945 640 2016 Tadry
658 1947 821 2014 nespravne
839 1947 962 2016 spojeno
982 1962 1067 2012 ,anno
1092 1947 1121 2002 d.
1141 1945 1392 2010 MCCLXXXVI‘,
1417 1963 1431 2000 s
1456 1947 1506 2002 tim
1526 1948 1565 2018 by
1591 1963 1624 2001 se
1644 1948 1793 2002 nesbodo·

347 2037 412 2090 vala
431 2036 547 2090 indikce
567 2037 673 2090 devata
691 2036 790 2090 hodicl
809 2051 840 2089 se
860 2038 879 2090 k
898 2036 968 2090 datu
989 2038 1058 2088 1280
1078 2036 1132 2089 list.
1153 2040 1195 2091 26.

1030 2323 1104 2388 253.

347 2468 450 2531 Karel
480 2467 557 2530 krdl
585 2465 725 2546 Sicilsky'
755 2468 870 2548 dlkuje
899 2466 988 2529 krrili
1024 2450 1178 2532 Ceskdmu
1208 2465 1375 2546 Pr'emyslu
1403 2464 1579 2530 Otokarovi
1606 2489 1649 2530 aa
1680 2469 1793 2532 ochotu

590 2595 607 2635 s
630 2574 697 2635 nim
721 2576 855 2637 uzavr'it
870 2574 1051 2656 pr'dtelstvz‘,
1067 2576 1127 2656 jed
1150 2593 1204 2635 mu
1227 2573 1396 2656 navaa'jem
1418 2573 1542 2656 slr'buje.

1553 2731 1679 2820 (1268).

452 2877 638 2940 Excellenti
663 2889 696 2939 et
720 2877 897 2958 magnifico
923 2878 1065 2958 principi
1089 2875 1264 2940 karissimo
1289 2879 1397 2940 amico
1421 2898 1483 2940 suo
1507 2875 1713 2957 O(ttacaro)²
1736 2879 1793 2942 dei

345 2988 455 3067 gracia
479 2985 594 3048 illustri
621 2985 689 3067 regi
707 2984 867 3047 Bohemie
884 2977 1045 3046 Karolusb
1069 2984 1122 3045 dei
1146 2987 1259 3065 gracia
1283 3003 1344 3045 rex
1360 2982 1479 3059 Sicilie,
1505 2984 1648 3048 ducatus
1665 2984 1793 3066 Apulie

345 3101 378 3155 et
401 3094 607 3172 principatus
622 3089 747 3171 Capue,
771 3089 966 3173 Andegauis
982 3093 1151 3170 provincie
1168 3101 1202 3152 et
1217 3087 1483 3175 (Fulcalquerii)⁰
1509 3111 1623 3154 comes
1646 3093 1789 3155 salutem

343 3210 377 3262 et
401 3201 632 3278 prosperitatis
656 3209 881 3280 augmentum.
907 3198 1100 3261 Patentibus
1117 3199 1216 3260 nobis
1241 3194 1305 3280 (est
1320 3207 1437 3260 notum
1461 3194 1621 3280 indiciis)d
1643 3209 1677 3262 et
1701 3203 1790 3280 ipsae

343 3327 485 3387 operum
510 3301 693 3369 evidencia‘
719 3305 937 3384 manifestum,
961 3305 1054 3386 quod
1070 3305 1268 3368 inviolabilis
1285 3307 1524 3387 magnitudinis
1548 3317 1658 3370 vestre
1682 3309 1793 3370 since-

343 3417 423 3478 ritas
447 3415 618 3495 antiquam
656 3413 811 3476 redolens
845 3415 1027 3489 caritatem,
1064 3432 1131 3494 qua
1156 3413 1296 3475 invicem
1331 3414 1562 3495 iungebamur,
1598 3415 1662 3476 adg
1685 3435 1726 3478 ea
1751 3435 1788 3477 se

343 3531 510 3603 preparat,
546 3521 589 3585 ad
613 3541 653 3583 ea
685 3541 746 3583 sua
770 3531 849 3583 vota
881 3519 1079 3596 conformat,
1116 3539 1181 3600 que
1205 3519 1315 3582 votiva
1351 3521 1417 3582 sint
1442 3521 1522 3582 meis
1555 3519 1730 3584 affectibus
1753 3533 1789 3584 et

342 3649 407 3710 que
431 3633 633 3692 incrementa
658 3629 837 3708 respiciant
861 3637 966 3690 status
990 3628 1104 3705 nostri,
1129 3647 1229 3707 super
1254 3629 1376 3708 quibus
1400 3626 1586 3690 celsitudini
1609 3638 1718 3690 vestre
1742 3629 1789 3690 ad

342 3740 528 3820 graciarum
564 3735 720 3797 acciones
756 3733 954 3812 multiplices
985 3743 1198 3815 assurgentes
1233 3745 1265 3795 et
1289 3743 1569 3816 recognoscentes
1604 3753 1667 3798 nos
1689 3735 1789 3798 vobis

343 3864 404 3924 pro
427 3853 520 3906 tanta
543 3841 743 3924 gratitudine
760 3841 907 3903 totaliter
924 3840 1100 3922 obligatos,
1125 3859 1281 3920 rogamus
1309 3850 1342 3902 et
1359 3843 1512 3921 petimus,
1536 3849 1701 3922 quatenus
1725 3861 1787 3903 nos

341 3952 384 4014 ad
408 3961 516 4013 vestra
541 3948 751 4028 beneplacita
774 3948 956 4026 dispositos
980 3957 1013 4012 et
1038 3956 1174 4028 paratos
1198 3949 1228 4008 in
1255 3947 1325 4022 hiis,
1349 3966 1414 4027 que
1438 3957 1532 4030 grata
1555 3947 1650 4010 cordi
1673 3959 1790 4010 vestro

340 4050 534 4128 resideant,¹¹
557 4055 755 4118 fiducialiter
779 4055 963 4136 requiratis,
986 4055 1156 4133 inquibus
1180 4053 1296 4131 procul
1324 4054 1427 4116 dubio
1452 4055 1609 4118 affectum
1633 4063 1785 4117 nostrum

341 4165 574 4228 exhibebimus
599 4183 660 4244 pro
684 4164 807 4225 viribus
830 4181 890 4243 per
913 4162 1081 4224 effectum.
1106 4160 1231 4222 Datum
1256 4170 1318 4222 etc.

446 4339 506 4393 Fol.
526 4338 568 4392 ⁴3·
589 4339 685 4401 8253,
705 4336 751 4392 tel
771 4353 789 4390 v
802 4337 1020 4391 mnichovslrem
1032 4336 1170 4403 rukopise
1191 4333 1238 4388 fol.
1260 4339 1311 4388 124
1330 4333 1353 4388 ὅ.
1373 4341 1407 4390 54
1428 4333 1545 4398 (Tadra.
1566 4333 1689 4388 Vestnik
1709 4334 1786 4401 spol.

339 4432 417 4483 naulr
437 4433 506 4482 1889
525 4437 561 4482 st.
582 4433 633 4482 106
652 4427 677 4482 ἆ.
697 4427 766 4493 XX)
785 4442 802 4479 a
820 4425 866 4479 tei
887 4442 904 4478 v
923 4426 1061 4493 rukopise
1089 4425 1221 4494 kapituly
1247 4425 1370 4478 Praislre
1395 4425 1411 4494 J
1436 4421 1641 4478 40”s01.279'.
1673 4423 1783 4477 Listem

339 4535 354 4572 a
374 4535 395 4574 r.
417 4523 485 4572 1268
505 4518 575 4571 dub.
594 4525 609 4570 3
629 4515 780 4586 projevuje
799 4516 889 4584 papel
909 4513 1036 4568 Ktiment
1055 4512 1094 4566 lv
1113 4514 1187 4566 krali
1202 4499 1345 4568 Ceskemu
1359 4513 1441 4582 svoje
1459 4512 1593 4580 poteseni
1613 4512 1671 4566 nad
1691 4515 1785 4582 umy·

339 4608 427 4660 slem
445 4606 514 4676 jeho
533 4604 645 4660 uzaviit
663 4621 677 4658 s
698 4604 807 4658 kralem
819 4603 973 4672 Sieilskym
992 4602 1142 4671 piatelstvi
1161 4601 1229 4670 (RB.
1242 4601 1268 4654 ll
1281 4601 1304 4654 ὅ.
1318 4603 1391 4668 609).
1410 4601 1473 4654 List
1492 4609 1575 4656 tento
1596 4601 1676 4654 krale
1695 4601 1784 4656 Karla

338 4711 370 4750 se
390 4695 539 4749 obsahove
558 4694 646 4762 dplne
665 4696 747 4766 kryje
766 4709 780 4746 s
800 4694 892 4748 listem
912 4693 1091 4762 papeiovym
1111 4707 1129 4745 a
1148 4692 1248 4745 datum
1270 4691 1337 4762 jeho
1356 4691 1448 4746 neleil
1465 4691 1508 4744 asi
1528 4691 1636 4744 daleko
1655 4690 1694 4744 od
1714 4690 1787 4744 data

338 4787 458 4854 proievu
478 4784 671 4838 Ktimentova.

444 4963 471 5031 a)
491 4963 545 5030 ,W¹
565 4962 633 5032 Kap.
658 4961 681 5033 J.
702 4991 735 5001 -
755 4960 785 5030 b)
804 4959 948 5028 ,Karulus¹
972 4961 1022 5026 ln,
1051 4961 1192 5028 ,liarolus¹
1221 4960 1277 5013 Mn.
1303 4960 1312 5012 i
1335 4957 1406 5027 Kap.
1425 4958 1448 5027 J.
1468 4987 1499 4996 -
1521 4959 1548 5026 c)
1569 4957 1684 5026 ,Falch.¹
1712 4957 1780 5026 Mn.,

335 5054 443 5116 ,Solch‘
468 5054 517 5118 In..
547 5053 590 5120 ,G‘
609 5051 681 5122 Kap.
700 5053 723 5122 J.
745 5081 776 5090 -
797 5052 827 5120 d)
847 5051 1002 5120 Doplneno
1030 5050 1077 5104 dle
1100 5051 1155 5104 Mn.
1181 5049 1289 5118 aKap.
1302 5049 1325 5118 J.
1345 5077 1377 5086 -
1397 5046 1425 5115 e)
1444 5047 1517 5115 ‚ipsi‘
1542 5047 1592 5110 In,
1621 5047 1702 5114 ,ipsa¹
1724 5047 1782 5100 Mn.

336 5147 345 5199 i
365 5145 438 5210 Kap.
452 5145 474 5214 J.
494 5173 527 5183 -
547 5142 569 5212 f)
590 5151 628 5207 ,et
654 5143 814 5196 evidencia·
834 5143 882 5205 ln.‚
908 5141 962 5194 bez
982 5143 1027 5198 ,et¹
1047 5140 1104 5192 Mn.
1124 5140 1132 5191 i
1152 5139 1223 5208 Kap.
1237 5139 1259 5208 J.
1280 5167 1311 5178 -
1331 5137 1360 5209 g)
1383 5145 1422 5202 ,et
1442 5139 1489 5192 ad‘
1510 5137 1558 5203 ln,
1585 5137 1638 5191 bea
1659 5143 1705 5202 ,et‘
1724 5134 1788 5192 Mn.

335 5263 370 5272 —
390 5233 420 5303 h)
440 5233 617 5296 ¹residerant¹
637 5233 686 5296 In,
706 5232 884 5297 ,residerent‘
904 5231 960 5284 Mn.
979 5245 996 5284 a
1015 5229 1088 5299 Kap.
1103 5229 1122 5287 l.
