4008 5846
1039 415 1073 463 ⁴0

1025 629 1079 690 44.

334 786 458 870 Brskup
502 787 532 850 Τ
529 786 621 850 obicit
644 787 753 870 posila‘
793 785 815 848 k
851 787 1069 868 papeisklmu
1099 786 1316 868 penitencidh'
1356 783 1613 870 B(entevengovr'
1643 788 1778 868 brakupu

334 890 567 977 Albdnske'mu)
591 894 741 958 Martr'na
764 893 864 972 laika,
887 893 977 976 ktery‘
1000 893 1170 957 manlelku
1192 915 1272 957 svau
1294 895 1391 971 nobil,
1416 916 1457 956 aa
1476 897 1630 978 pfidinou
1643 895 1775 978 pokdni.

1412 1089 1671 1176 (1279-1290).

496 1285 683 1367 Episcopus
707 1287 807 1350 mittit
830 1286 962 1364 laycum
988 1289 1128 1350 Romam
1154 1287 1197 1348 ad
1222 1289 1506 1366 penitenciarium.

435 1443 630 1530 Th(obias)²
664 1448 718 1510 dei
759 1451 871 1530 gracia
915 1447 1087 1530 Pragensis
1131 1451 1311 1528 episcopus
1347 1446 1535 1510 honorabili
1576 1450 1647 1509 viro
1683 1447 1775 1511 fratri

333 1549 569 1638 B(entevenge)
602 1555 841 1633 penitenciario
873 1553 999 1617 domini
1031 1575 1128 1636 pape,
1159 1559 1271 1618 amico
1302 1574 1365 1617 suo
1390 1553 1522 1628 dilecto,
1554 1558 1717 1618 sinceram
1743 1559 1776 1618 in

333 1660 471 1722 domino
496 1661 677 1724 caritatem.
703 1655 900 1724 Martinumb
926 1661 1058 1740 laycum
1082 1673 1196 1725 nostre
1221 1663 1387 1741 dyocesis,
1403 1661 1542 1724 latorem
1560 1667 1778 1742 presencium,

333 1767 389 1848 qui
413 1767 550 1830 humani
573 1771 704 1850 generis
729 1769 862 1830 inimico
886 1771 1063 1852 instigante
1087 1789 1230 1832 uxorem
1254 1789 1350 1832 suam
1375 1769 1570 1851 legittimam
1603 1770 1778 1845 interemit,

332 1874 391 1936 adc
424 1875 514 1938 sedis
553 1875 737 1954 apostolice
777 1875 1037 1938 misericordiam
1073 1879 1348 1952 transmittentes,
1383 1879 1527 1957 petimus
1561 1876 1775 1952 confidenter,

333 1991 497 2062 quatenus
528 1983 643 2046 audita
679 1981 889 2046 consessione
921 1985 1023 2062 ipsius
1054 1987 1087 2046 in
1119 2004 1199 2049 casu
1231 1986 1394 2065 premisso
1427 1994 1460 2046 et
1484 1983 1555 2046 aliis
1587 1986 1675 2048 circa
1699 2002 1776 2046 eum

334 2088 435 2152 olficii
471 2093 570 2152 vestri
601 2091 753 2154 debitum
786 2089 896 2152 taliter
921 2109 1080 2153 exercere
1105 2091 1296 2174 dignemini,
1330 2090 1422 2172 quod
1451 2092 1517 2153 sibi
1549 2090 1701 2171 proficiat
1732 2091 1776 2152 ad

333 2195 484 2260 salutem.
509 2195 634 2260 Datum
660 2209 722 2259 etc.

439 2370 498 2425 Fol.
519 2371 543 2423 7⁴
562 2371 586 2424 d.
606 2379 648 2433 44,
669 2371 713 2425 tel
732 2387 750 2424 v
764 2371 903 2439 rukopise
922 2371 1052 2440 kapituly
1073 2372 1196 2426 Pralslre
1215 2372 1229 2440 J
1248 2371 1294 2426 40¹³
1313 2373 1360 2426 iol.
1380 2373 1450 2427 2⁴0¹.
1470 2372 1533 2426 List
1546 2379 1628 2425 tento
1641 2371 1777 2438 podruhe

332 2460 515 2528 koncipovdn
534 2476 551 2514 a
570 2461 708 2529 ponekud
723 2461 883 2528 pozmdndn
897 2461 955 2530 pod
975 2461 999 2515 ὅ.
1014 2467 1084 2524 130,
1103 2462 1161 2517 kde
1180 2461 1210 2515 Β.
1230 2462 1303 2516 blile
1317 2460 1405 2515 urden
1417 2463 1488 2531 jairo
1500 2461 1608 2529 biskup
1620 2460 1777 2528 AlbanslrJ.

332 2548 516 2620 Bentevenga
533 2552 562 2620 je
581 2550 733 2619 biskupem
754 2550 933 2620 AlbanskJm
952 2550 985 2604 al
1005 2550 1043 2604 do
1066 2555 1136 2604 1290
1155 2551 1231 2604 bien.
1253 2556 1303 2608 12..
1323 2551 1423 2606 datum
1443 2559 1474 2606 to
1493 2551 1568 2605 ddva
1588 2551 1654 2604 listu
1672 2551 1777 2604 termin

331 2638 369 2692 ad
389 2653 483 2706 quem.

1028 2877 1079 2940 45.

365 3033 566 3098 Prokurdtor
586 3034 769 3100 kanovm'ka
793 3035 978 3100 Praisklho
1000 3035 1117 3098 Diviu
1133 3035 1323 3117 pronajt'ma'
1346 3057 1390 3098 na
1414 3037 1438 3098 5
1458 3035 1504 3097 let
1524 3033 1749 3099 komorm'kovi

836 3143 1012 3225 tiskupovu
1035 3142 1155 3224 krery‘si
1177 3144 1269 3206 dvrlr.

1089 3337 1120 3400 V
1136 3339 1250 3413 Praae,
1277 3339 1366 3402 1285
1389 3335 1441 3419 (po
1467 3337 1513 3400 15
1524 3333 1665 3419 lervnu).

532 3534 734 3596 Procurator
758 3534 938 3616 legittimus
961 3535 1071 3598 villam
1097 3535 1269 3615 prebende
1293 3536 1418 3598 domini
1444 3535 1494 3596 sui
1518 3554 1578 3615 per

864 3637 1119 3724 quinqenniumd
1145 3641 1244 3704 locat.

438 3799 474 3863 ln
491 3803 625 3863 nomine
643 3803 770 3864 domini
790 3821 897 3864 amen.
917 3801 1078 3866 Noverint
1095 3803 1236 3865 universi
1254 3812 1426 3880 presentes
1446 3801 1574 3864 litteras
1591 3804 1777 3881 inspecturi

330 3908 420 3988 quod
447 3927 510 3988 ego
534 3916 580 3971 ..θ
604 3919 785 3988 perpetuus
809 3911 950 3972 vicarius
974 3911 1115 3972 ecclesie
1141 3911 1314 3992 Pragensis
1339 3908 1385 3988 (et
1410 3903 1638 3988 procuratorJs
1662 3909 1780 3991 legitti-

329 4034 403 4076 mus
428 4015 599 4094 prebende
624 4017 771 4098 magistri
788 4015 956 4093 Dyonisiiss
976 4017 1044 4080 de.
1062 4067 1078 4094 .,
1103 4017 1254 4080 eiusdem
1271 4016 1446 4098 Pragensis
1462 4017 1604 4078 ecclesie
1620 4017 1783 4090 canonici,

331 4124 457 4184 curiam
491 4121 618 4200 prefate
651 4125 824 4202 prebende
848 4126 944 4186 sitam
970 4125 1053 4188 in..
1078 4143 1154 4186 cum
1189 4125 1378 4186 hominibus
1411 4123 1599 4198 hospitibus
1631 4123 1674 4185 ad
1706 4142 1781 4185 earn
1834 4186 1839 4197 ,

329 4231 560 4309 spectantibus
593 4249 632 4291 ac
657 4232 817 4293 universis
841 4231 912 4295 aliis
944 4233 1158 4311 pertinenciis
1181 4231 1249 4294 suis
1274 4231 1379 4293 locavi
1412 4231 1642 4309 procuratorio
1666 4239 1783 4292 aucto·

328 4339 434 4412 ritate,
450 4355 551 4418 quam
568 4337 688 4412 habeo,
714 4357 789 4400 meo
806 4347 840 4399 et
862 4337 984 4419 prefati
1008 4341 1157 4419 magistri
1178 4333 1357 4420 Dlyonisii)
1382 4339 1527 4414 nomine,
1545 4339 1688 4400 honesto
1712 4337 1782 4398 viro

331 4441 389 4508 Na
406 4445 588 4508 camerario
606 4445 732 4508 domini
750 4445 908 4525 episcopi,
933 4445 1111 4508 exhibitori
1128 4449 1346 4525 presencium,
1371 4463 1431 4523 per
1447 4446 1593 4526 quinque
1618 4463 1782 4506 annorum

329 4555 480 4632 spacium
512 4555 719 4615 currencium
745 4573 764 4614 a
788 4551 874 4615 sesto
906 4553 995 4615 beati
1025 4553 1107 4615 Witi
1139 4555 1293 4633 proxime
1318 4554 1478 4631 preterito
1511 4572 1572 4632 pro
1604 4570 1717 4614 marca
1750 4559 1783 4612 et

328 4661 465 4724 dimidia
489 4661 559 4723 auri
593 4660 671 4723 boni
704 4660 746 4722 de
771 4659 881 4723 rivulis
912 4662 944 4722 in
970 4680 1105 4724 ornnem
1137 4669 1292 4723 eventum
1324 4661 1477 4739 exceptis
1508 4660 1616 4722 tribus
1648 4657 1785 4721 casibus

327 4767 478 4839 fortuitis,
513 4769 569 4846 qui
606 4768 770 4846 previderi
804 4777 838 4830 et
874 4767 969 4830 vitari
1004 4783 1073 4831 non
1104 4777 1255 4846 possunt,
1290 4767 1436 4850 generali
1468 4786 1587 4850 guerra
1629 4764 1784 4828 videlicet

328 4877 438 4938 tocius
463 4874 554 4956 regni
578 4874 724 4950 Boemie,
755 4875 916 4956 grandine
941 4884 1042 4957 atque
1075 4879 1159 4958 igne,
1192 4877 1220 4937 si
1244 4875 1414 4937 evenerint
1439 4875 1508 4936 sine
1540 4874 1641 4953 culpa
1665 4891 1725 4934 sua
1751 4881 1785 4933 et

329 5003 475 5046 suorum.
513 4981 701 5045 Predictam
737 4993 850 5046 autem
884 5001 1031 5046 marcam
1068 4993 1101 5046 et
1135 4983 1317 5058 dimidiam,
1354 4983 1381 5044 si
1405 5000 1544 5043 necesse
1581 4980 1688 5055 luerit,
1726 4998 1784 5058 per

435 5173 463 5240 a)
483 5173 543 5243 ,Jc.‘
562 5174 635 5242 Kap.
650 5174 671 5243 J.
694 5203 725 5212 -
747 5174 777 5241 b)
797 5173 844 5239 ,B.⁴
866 5175 937 5242 Kap.
958 5173 980 5242 J.
1007 5204 1039 5212 —
1060 5177 1087 5240 c)
1109 5175 1142 5235 ‚a‘
1163 5173 1202 5228 ln.
1222 5203 1255 5212 -
1275 5173 1306 5242 d)
1328 5173 1515 5242 ,quiennium‘
1535 5173 1576 5228 ln.
1597 5201 1630 5212 -
1655 5173 1682 5241 e)
1702 5173 1784 5240 ,Man

327 5266 414 5319 tinus⁸
433 5265 506 5333 Kap.
520 5263 542 5333 J.
566 5295 597 5302 -
620 5263 643 5332 l)
664 5263 819 5332 Doplndno
839 5263 886 5316 dle
906 5263 978 5331 Kap.
991 5263 1013 5332 J.
1034 5291 1066 5301 -·
1086 5263 1115 5334 g)
1135 5261 1178 5324 ,Θ
1199 5263 1302 5317 decani
1323 5262 1423 5316 detali
1443 5262 1518 5316 loco‘
1539 5263 1611 5330 Kap.
1630 5263 1652 5332 J.
