3988 5844
1052 383 1103 433 160

353 601 490 678 spoliari
522 599 672 661 videntes
704 597 747 660 ad
772 598 969 676 episcopum
1002 615 1100 660 suum
1132 595 1302 677 querelam
1336 615 1402 656 non
1434 592 1596 669 deferant,
1632 593 1707 670 ipso
1731 592 1805 652 iure

355 709 422 770 sint
462 708 617 785 suspensi
656 716 690 768 et
728 704 963 768 nichilominus
1003 704 1130 766 eisdem
1171 703 1319 766 ecclesiis
1358 721 1417 782 per
1460 703 1658 780 episcopum
1697 693 1802 782 sp[o]·

354 815 483 894 lientur‚
519 817 569 875 sin
601 824 713 875 autern
748 812 791 874 ad
823 815 932 892 ipsum
966 811 1142 874 detulerint
1174 811 1394 890 questionem,
1436 811 1509 888 ipse
1532 817 1711 887 patronum
1746 825 1806 884 per

354 941 530 984 censuram
563 921 823 984 ecclesiasticam
847 920 890 982 ab
915 919 1108 982 huiusmodi
1138 917 1379 980 molestacione
1411 925 1615 996 compescat,
1647 913 1751 994 quod,
1776 915 1803 975 si

355 1039 516 1107 patronus
532 1028 675 1091 ecclesie
693 1024 754 1110 (in)
772 1028 953 1107 pertinacia
970 1025 1158 1105 perstiterit,
1175 1026 1218 1086 ad
1236 1024 1525 1102 presentacionem
1541 1021 1616 1084 talis
1632 1020 1804 1096 ecclesie²,

353 1155 430 1198 cum
456 1135 610 1215 proximo
634 1135 808 1210 vacaverit,
832 1133 1020 1197 nullatenus
1036 1133 1241 1196 admittatur.
1266 1131 1311 1194 Et
1326 1131 1403 1211 quia
1420 1137 1568 1192 rectores
1584 1127 1805 1190 ecclesiarum

352 1244 481 1304 vicariis
516 1246 583 1305 suis
615 1241 703 1304 adeo
738 1243 928 1322 relinquunt
958 1243 1116 1322 exiguam
1141 1242 1345 1320 porcionem,
1369 1237 1462 1318 quod
1486 1229 1629 1298 exindeb
1653 1253 1804 1316 congrue

355 1351 532 1413 sustentari
545 1369 613 1427 non
627 1359 778 1430 possunt,
793 1347 941 1430 generali
958 1347 1102 1410 concilio
1119 1347 1310 1409 inhibentec
1327 1345 1511 1418 statuimus
1528 1353 1564 1404 ut
1580 1342 1661 1423 ipsis
1677 1341 1806 1402 vicariis

280 1513 287 1528 ,
356 1457 524 1520 sufficiens
556 1468 589 1519 et
621 1456 763 1519 honesta
796 1456 912 1534 porcio
944 1456 987 1518 de
1017 1455 1234 1534 porcionibus
1259 1453 1398 1515 ecclesie
1430 1450 1624 1532 assignetur,
1656 1448 1805 1529 alioquin

356 1567 449 1646 ipsos
473 1573 622 1628 rectores
646 1566 714 1626 suis
739 1562 890 1626 ecclesiis
913 1562 1124 1625 decernimus
1147 1561 1352 1641 spoliandos.

463 1739 524 1796 Fol.
550 1744 584 1792 34
609 1738 634 1792 ὅ.
660 1743 721 1802 204,
746 1737 791 1790 tei
817 1753 835 1788 v
860 1737 998 1804 rultopise
1024 1735 1155 1805 kapituly
1180 1734 1303 1788 Praiske
1326 1733 1341 1801 J
1367 1731 1414 1786 40l
1434 1732 1479 1787 sol.
1500 1737 1560 1786 261.
1594 1729 1620 1784 0
1649 1731 1806 1784 chronolo-

356 1830 469 1898 gickem
488 1829 619 1882 omezeni
638 1827 738 1881 rokem
759 1831 828 1880 1290
848 1841 924 1880 srov.
944 1825 1023 1878 uvod
1041 1825 1066 1879 Il
1085 1833 1110 1880 3.

1044 2220 1118 2283 205.

356 2383 479 2464 Biskup
508 2381 625 2444 Tobia‘i
647 2380 796 2462 nar'izuje
819 2380 979 2443 dlkannm
1002 2400 1024 2442 a
1038 2379 1207 2462 sardirlm,
1230 2380 1268 2459 by
1284 2378 1418 2442 dovolr'li
1431 2379 1616 2440 minantum
1632 2397 1669 2438 se
1685 2359 1809 2454 Zitavy

811 2490 964 2549 aastdvat
984 2485 1211 2550 botoslurebne'
1230 2486 1342 2561 akeny.

1407 2607 1696 2691 (1279-12902).

490 2773 679 2854 Episcopus
696 2775 833 2836 mandat
850 2775 987 2836 decanis
1004 2781 1038 2834 et
1054 2773 1214 2848 plebanis,
1239 2781 1275 2834 ut
1292 2773 1523 2851 permitterent
1547 2769 1665 2834 iratres

492 2883 636 2943 minores
660 2882 888 2961 predicatores
912 2883 946 2941 in
970 2881 1037 2942 suis
1062 2879 1211 2942 ecclesiis
1242 2877 1472 2941 consessiones
1497 2877 1612 2939 audire
1637 2889 1671 2942 et

916 2988 1037 3050 missas
1061 2985 1240 3048 celebrare.

464 3143 660 3232 Th(0bias)d
684 3149 737 3211 dei
762 3158 824 3210 etc.
849 3148 979 3210 dilectis
1003 3156 1064 3209 etc.
1090 3146 1235 3222 decanis,
1259 3146 1410 3225 plebanis
1436 3154 1469 3206 et
1492 3143 1718 3223 viceplebanis
1742 3164 1803 3224 per

358 3255 554 3336 Pragensem
579 3256 745 3316 civitatem
769 3262 832 3316 etc.
857 3251 1031 3314 Honestos
1055 3259 1089 3312 et
1112 3251 1287 3334 religiosos
1309 3250 1396 3313 viros
1412 3251 1610 3334 gardianum
1635 3260 1668 3314 et
1684 3249 1806 3314 fratres

358 3366 503 3424 minores
536 3362 578 3424 de
610 3363 757 3424 Zitaviae
785 3362 841 3439 pio
865 3360 970 3437 vobiS,
996 3360 1081 3420 sicut
1114 3359 1286 3433 debemus,
1318 3359 1634 3422 recommendantes
1671 3359 1803 3433 affectu,

357 3469 553 3532 discrecioni
577 3478 686 3534 vestre
711 3467 911 3530 mandamus
942 3469 975 3527 in
1009 3465 1127 3526 virtute
1158 3465 1357 3527 obediencie
1380 3474 1414 3526 et
1437 3467 1499 3528 sub
1525 3485 1611 3544 pena
1636 3470 1800 3528 canonica

357 3577 492 3639 firmiter
516 3585 550 3639 et
574 3594 745 3656 expresse,
776 3581 942 3656 quatenus
966 3573 1164 3654 gardianum
1189 3580 1223 3634 et
1247 3571 1366 3634 fratres
1391 3573 1540 3648 eosdem,
1574 3591 1651 3635 cunr
1674 3573 1718 3634 ad
1745 3593 1804 3638 vos

357 3695 391 3747 et
422 3684 582 3747 ecclesias
611 3693 740 3748 vestras
771 3681 1021 3756 declinaverint,
1053 3681 1198 3742 caritatis
1230 3677 1340 3741 oificio
1372 3683 1592 3759 pertractetis,
1623 3680 1807 3760 predicare,

357 3791 588 3855 consessiones
618 3791 744 3862 audire,
777 3790 894 3851 missas
926 3789 1036 3868 legere
1070 3795 1103 3848 et
1134 3786 1208 3862 alia,
1239 3805 1305 3866 que
1336 3785 1479 3849 salutem
1514 3790 1701 3848 animarum
1726 3805 1803 3864 pro·

356 3907 499 3974 movent,
524 3917 681 3961 exercere
706 3897 809 3959 libere
834 3915 927 3958 more
951 3895 1051 3957 solito
1075 3894 1307 3973 permittentes
1330 3902 1364 3954 et
1386 3901 1513 3955 vestras
1538 3895 1585 3954 eis
1602 3891 1807 3955 elemosinas

357 4006 617 4069 misericorditer
639 4005 832 4076 tribuentes,
856 4001 1177 4064 archidiaconi'sive
1202 4001 1321 4062 decani
1343 4001 1441 4061 vestri
1466 3999 1697 4079 prohibicione
1722 4018 1803 4079 qua·

357 4113 437 4175 libet
468 4133 536 4175 non
567 4113 737 4187 obstante;
769 4109 909 4173 obedire
940 4127 1085 4190 namque
1116 4108 1274 4170 tenemini
1306 4107 1442 4187 prelatis
1474 4107 1591 4168 vestris
1613 4115 1744 4170 tantum
1770 4109 1804 4168 in

358 4219 454 4284 licitis
479 4229 512 4282 et
537 4220 695 4284 honestis.
721 4217 846 4280 Datum
871 4225 932 4278 etc.

464 4412 523 4466 Fol.
550 4418 583 4464 34
609 4410 633 4464 d.
653 4416 714 4476 205,
740 4410 786 4463 tei
811 4425 829 4461 v
848 4409 986 4476 rukopise
1012 4407 1142 4476 kapituly
1166 4406 1288 4459 Praiske
1312 4405 1326 4473 J
1346 4402 1393 4458 ⁴0b
1418 4404 1466 4459 sol.
1492 4407 1561 4459 2³8¹.
1599 4401 1625 4457 O
1651 4405 1805 4458 chronolo-

356 4503 470 4572 giclrem
490 4501 622 4555 omezeni
640 4502 741 4554 rokem
763 4503 831 4553 1290
850 4513 927 4551 srov.
948 4496 1025 4550 uvod
1044 4496 1070 4548 11
1089 4501 1113 4549 3.

358 5065 573 5074 ψ*-

464 5129 492 5192 a)
519 5123 854 5193 ,pertinacia-ecclesie
884 5122 1032 5190 doplnEno
1063 5137 1081 5174 v
1105 5121 1145 5175 In.
1166 5137 1201 5174 na
1220 5120 1319 5190 okraji.
1352 5149 1385 5159 —
1414 5118 1444 5188 b)
1465 5121 1565 5182 ,extra‘
1584 5117 1623 5172 ln.
1645 5145 1678 5156 -
1698 5118 1726 5186 c)
1751 5119 1802 5180 ,in-

357 5216 498 5270 hibentes‘
517 5215 558 5268 In.
580 5242 610 5252 -
634 5213 664 5280 d)
684 5212 843 5282 ,Johannes‘
857 5213 928 5280 Kap.
941 5213 963 5282 J.
985 5241 1017 5250 —
1038 5211 1064 5278 e)
1086 5217 1134 5273 ,..¹
1156 5210 1228 5278 Kap.
1242 5209 1264 5279 J.
