3988 5844
1056 443 1107 493 184

359 656 378 707 k
397 654 531 722 legatovi,
558 669 596 720 po
615 653 737 722 pilpade
761 654 894 708 kstolici
919 654 1073 722 papelslre,
1100 655 1156 724 aby
1174 654 1292 724 vymohl
1318 652 1464 722 sprostem
1483 653 1582 723 klalby
1602 655 1688 718 (stov.
1709 651 1733 708 ὅ.
1753 655 1807 717 21).

359 743 445 797 Roku
459 747 528 796 1287
542 744 584 814 iij.
600 748 633 797 12
646 745 739 798 anima
749 751 819 812 opat
838 743 1018 814 Straliovsky
1036 746 1162 814 imenem
1183 745 1275 814 legata
1294 744 1365 814 Jana
1384 743 1486 797 klatbu
1505 760 1519 797 s
1538 744 1662 812 biskupa
1681 743 1808 798 Tobiate

361 832 449 900 (srov.
471 833 495 885 c.
515 835 570 899 59).
603 831 641 885 Se
666 832 770 887 snettm
799 834 1033 888 exkomunikace
1060 851 1091 888 se
1117 833 1184 904 jiste
1204 834 1315 888 dlouho
1334 834 1489 900 neotalelo,
1519 849 1556 888 na
1575 833 1665 901 spich
1685 833 1808 903 ukaauje

359 922 469 976 itento
489 922 543 986 list,
564 937 580 974 a
600 917 731 975 mirieme
757 924 795 992 jej
822 925 892 993 tedy
918 925 1026 992 poloiit
1054 925 1123 994 bray
1150 923 1224 992 pied
1251 923 1352 977 datum
1382 923 1566 991 proklamace
1586 921 1809 978 Strahovskeho

359 1017 454 1079 onata,
474 1011 516 1064 asi
536 1027 573 1064 na
593 1011 713 1066 zadatek
733 1013 814 1082 lljna.

1047 1267 1121 1328 243.

360 1424 449 1487 Kra'l
476 1425 596 1489 Vdclav
619 1425 688 1508 pile
711 1424 848 1505 biskupu
877 1425 907 1488 Τ
903 1425 1053 1497 obidsovt
1078 1425 1116 1486 ie
1138 1425 1230 1488 telea‘
1253 1425 1410 1506 krdlovny
1434 1421 1548 1507 (Guty)
1571 1425 1667 1487 nemci
1689 1426 1743 1505 by'r
1767 1425 1812 1487 od

359 1532 398 1593 ni
418 1533 622 1608 odstranlna,
643 1532 709 1616 jak
732 1533 824 1594 dnae
846 1531 1008 1608 rozka‘zal,
1040 1531 1139 1613 ny'bra
1162 1532 1216 1593 ma'
1238 1553 1255 1595 s
1278 1535 1315 1594 m‘
1336 1532 1436 1615 piijz‘t
1457 1533 1497 1595 do
1523 1531 1671 1606 Kadanl,
1695 1531 1757 1594 kde
1773 1533 1812 1615 ji

902 1639 980 1701 kra'l
999 1639 1081 1702 dude
1104 1639 1267 1702 olekdvat.

1047 1799 1151 1882 (1287
1172 1803 1286 1862 lernen
1310 1834 1353 1845 —
1375 1800 1507 1862 aaldlek
1529 1799 1699 1881 dervence).

487 1943 561 2004 Rex
586 1944 749 2022 episcopo
773 1944 896 2020 scribit,
922 1953 958 2005 ut
983 1943 1179 2006 mandatum
1204 1945 1308 2024 ipsius
1333 1943 1459 2007 laceret
1486 1945 1587 2025 priori
1612 1964 1679 2006 non

904 2051 1062 2114 obstante
1087 2052 1258 2115 mandato.

465 2192 664 2255 Reverendo
697 2196 730 2256 in
766 2190 898 2256 Christo
933 2195 1020 2274 patri
1055 2194 1193 2256 domino
1224 2191 1401 2277 Th(obie)¹
1431 2193 1611 2256 venerabili
1645 2197 1807 2272 episcopo

360 2301 516 2383 Pragensi
541 2295 794 2382 W(enceslaus)
825 2301 880 2363 dei
912 2301 1025 2382 gracia
1057 2320 1119 2363 rex
1143 2299 1281 2364 Boemie
1313 2311 1346 2364 et
1377 2301 1529 2364 marchio
1554 2301 1706 2364 Moravie
1732 2319 1810 2363 cum

358 2427 489 2471 sincero
524 2407 717 2470 dileccionis
753 2407 876 2470 affectu
912 2403 1120 2488 promptamb
1155 2408 1198 2471 ad
1235 2410 1306 2470 eius
1341 2407 1554 2487 beneplacita
1593 2407 1799 2470 voluntatem

359 2515 514 2589 Petimus,
539 2525 575 2576 ut
599 2515 642 2576 de
667 2535 718 2593 eo,
753 2515 846 2596 quod
871 2517 1102 2579 mandavimus
1125 2515 1168 2576 de
1192 2514 1318 2578 familia
1342 2514 1478 2579 domine
1504 2517 1618 2598 regine
1642 2515 1810 2578 consortis

358 2631 481 2697 nostre,
513 2632 550 2685 ut
569 2631 787 2684 amoveretur
819 2622 861 2684 ab
885 2622 967 2702 ipsa,
998 2623 1129 2700 penitus
1160 2631 1313 2685 taceatur
1337 2631 1371 2684 et
1394 2623 1600 2698 admittatur,
1623 2631 1661 2685 ut
1684 2621 1807 2684 eadem

358 2727 481 2793 familia
506 2750 582 2793 cum
614 2731 687 2809 ipsa
710 2730 847 2791 domina
879 2732 994 2813 regina
1025 2730 1168 2792 accedat
1199 2731 1241 2793 ad
1267 2749 1330 2792 nos
1354 2739 1389 2793 et
1412 2731 1522 2792 veniat
1545 2731 1577 2792 iu
1603 2726 1809 2804 Codanum,e

358 2838 413 2899 ubi
438 2856 500 2899 nos
524 2839 624 2900 etiam
648 2837 751 2898 dante
783 2836 920 2899 domino
952 2839 985 2899 in
1009 2835 1154 2900 adventu
1186 2837 1337 2900 eiusdem
1368 2838 1507 2900 dominc·
1538 2845 1652 2900 nostre
1676 2839 1803 2898 erimus

356 2944 575 3025 personaliter
611 2947 794 3007 constituti.
835 2943 883 3006 lbi
918 2963 1064 3024 namque
1098 2945 1132 3006 id
1164 2944 1255 3025 quod
1288 2944 1454 3007 videbitur
1489 2944 1532 3006 de
1557 2945 1630 3023 ipsa
1663 2941 1800 3020 familia,

357 3063 466 3114 utrum
490 3053 645 3114 videlicet
668 3051 825 3114 habenda
849 3049 899 3112 vel
924 3051 1157 3114 remmittenda
1182 3049 1288 3128 luerit,
1313 3051 1481 3114 faciemus.
1508 3051 1632 3114 Datum
1658 3061 1720 3112 etc.

464 3209 523 3262 Fol.
543 3214 577 3262 40
596 3209 620 3262 c.
641 3214 700 3271 2⁴3,
721 3207 765 3262 tei
784 3223 803 3260 v
822 3207 961 3275 rukopise
981 3209 1111 3276 kapituly
1132 3207 1255 3262 Praiske
1273 3205 1348 3277 J40b
1367 3207 1414 3261 sol.
1435 3211 1505 3262 269¹.
1526 3207 1550 3260 V
1571 3207 1635 3261 liste
1655 3213 1748 3260 tomto
1767 3221 1802 3259 se

353 3299 442 3369 jedna
461 3299 563 3365 patrne
582 3315 600 3352 o
618 3297 741 3365 piichod
761 3297 902 3367 kralovny
922 3294 1000 3366 Guty
1020 3297 1060 3351 do
1079 3282 1166 3350 Cech.
1185 3297 1322 3367 Vibome
1336 3298 1613 3351 charakterisovano
1631 3299 1660 3364 je
1679 3303 1711 3350 tu
1730 3295 1802 3350 koll-

357 3389 420 3442 sAni
440 3387 609 3440 Vaclavovo
629 3405 650 3440 r.
672 3391 750 3440 1287.
790 3386 855 3440 Kdo
874 3387 917 3440 asi
942 3387 1013 3439 radil
1041 3387 1121 3449 krali,
1148 3387 1204 3456 aby
1230 3387 1370 3440 odstrauil
1396 3387 1434 3440 od
1455 3387 1640 3456 piichaaejlcl
1664 3385 1805 3454 kralovny

355 3477 405 3547 jeji
425 3477 566 3532 nemeclre
586 3478 762 3531 komonstvo
776 3493 793 3530 a
804 3477 825 3544 ji
844 3475 895 3528 tim
916 3476 1017 3543 pokud
1037 3475 1139 3528 moine
1152 3477 1272 3530 isoloval
1293 3477 1332 3530 od
1345 3475 1423 3530 vlivu
1443 3476 1535 3530 dvora
1553 3474 1735 3530 Rudolloval
1754 3475 1805 3528 Asi

359 3566 451 3620 nikdo
468 3567 528 3636 jiny
547 3567 599 3620 nel
619 3566 701 3620 Zavis
721 3583 736 3620 z
756 3565 970 3634 Fanenstejna.
989 3563 1071 3618 Srov.
1087 3564 1218 3627 Redlich,
1238 3565 1307 3635 Reg.
1321 3565 1390 3633 Imp.
1411 3565 1435 3620 c.
1447 3569 1517 3619 2089
1536 3581 1552 3618 a
1572 3551 1667 3630 Susta,
1689 3547 1774 3618 Cen.
1793 3565 1805 3618 1

356 3663 392 3710 st.
412 3661 472 3709 297.
493 3655 639 3710 Kralovna
658 3655 768 3724 piibyla
788 3656 828 3708 do
848 3655 940 3723 Prahy
961 3663 975 3705 4
996 3654 1139 3708 ὄοῑνοῃεε
1159 3658 1238 3716 1287,
1264 3655 1312 3709 dle
1331 3655 1415 3708 aneni
1435 3656 1501 3709 listu
1521 3655 1624 3708 tohoto
1643 3654 1711 3707 neni
1730 3654 1804 3723 jestd

356 3762 373 3798 v
395 3745 517 3799 Kadani.
537 3743 662 3800 Pochazi
679 3745 750 3814 tedy
770 3745 817 3797 list
836 3750 918 3798 tento
937 3761 952 3798 z
972 3745 1066 3798 konce
1087 3743 1193 3798 derina
1213 3745 1270 3797 neb
1290 3743 1412 3798 zadatku
1432 3744 1583 3798 dervence.

1042 4033 1116 4095 244.

355 4193 500 4268 Dltr'v'clz,
520 4192 633 4274 biskup
654 4191 854 4270 Olomoucky',
874 4193 961 4255 ddvci
983 4191 1140 4274 odpustky
1159 4197 1230 4266 tlm,
1250 4191 1334 4254 kdot
1352 4193 1490 4274 pr'ispdji
1509 4213 1553 4254 na
1573 4193 1810 4256 anavusiv'aenz‘

695 4299 831 4361 clirdmu
854 4321 900 4362 sv.
929 4299 1002 4372 Jir't
1024 4320 1045 4361 v
1069 4301 1331 4381 nerinenovanlm
1355 4300 1455 4362 nrz'stl.

1406 4439 1509 4526 (1281
1527 4477 1568 4486 -
1588 4441 1698 4524 1296).

783 4531 911 4595 Littera
939 4533 1157 4614 indulgencie.

459 4669 733 4755 Thleodericus)d
763 4675 816 4737 dei
857 4678 970 4758 gracia
1003 4673 1238 4739 Oloinucensis
1275 4677 1454 4756 episcopus
1489 4676 1650 4740 universis
1681 4673 1804 4740 Christi

353 4781 516 4860 fidelibus,
541 4783 584 4844 ad
609 4801 695 4865 quos
727 4793 901 4863 presentes
934 4782 1027 4846 litere
1059 4782 1263 4860 devenerint,
1287 4782 1431 4846 salutem
1456 4785 1489 4846 in
1513 4783 1651 4845 domino
1684 4785 1804 4864 sempi-

350 4901 489 4952 ternam.
538 4887 621 4953 Cum
646 4891 723 4952 nihil
748 4891 873 4953 habeat
895 4889 1072 4953 viriditatis
1097 4909 1209 4952 ramus
1232 4891 1312 4952 boni
1340 4891 1460 4969 operis,
1484 4891 1511 4954 si
1542 4909 1610 4951 non
1635 4891 1667 4950 in
1692 4891 1805 4953 radice

352 4999 510 5061 manserit
534 4998 690 5073 caritatis,
708 5008 742 5061 et
759 4997 899 5062 ecclesia
924 4999 1030 5060 sancti
1047 4995 1184 5080 Georgii
1205 5043 1211 5056 .
1229 5003 1252 5061 .‘
1274 4998 1361 5060 adeo
1379 5007 1430 5061 est
1447 4996 1618 5060 destructa
1638 4997 1804 5074 incendio,

461 5207 488 5276 a)
506 5209 557 5278 ‚10⁸
577 5207 649 5276 Kap.
669 5207 691 5275 J.
714 5237 744 5246 -
765 5206 795 5276 b)
815 5215 958 5276 ,prompta
978 5249 1046 5263 ....
1066 5208 1225 5262 voluntate¹
1246 5207 1295 5273 ln,
1314 5211 1495 5276 ,promptam¹
1516 5207 1588 5275 Kap.
1603 5205 1624 5276 J.
1643 5236 1672 5247 -
1687 5213 1713 5272 cl
1737 5209 1803 5270 ,..‘

353 5298 425 5368 Kap.
444 5299 466 5368 J.
487 5328 520 5337 -
540 5299 570 5366 d)
591 5297 631 5362 ,E.
651 5297 679 5352 d.
699 5314 724 5369 g.
747 5297 826 5369 Prag.
847 5303 900 5366 ep!
921 5297 994 5366 Kap.
1007 5299 1030 5367 J.
1052 5329 1083 5337 -
1110 5301 1137 5364 e)
1158 5297 1312 5361 ,Iohannis‘
1333 5297 1404 5364 Kap.
1420 5297 1443 5366 J.
