3968 5848
880 382 930 430 105

877 649 948 712 131.

235 807 352 888 Biskup
382 807 413 870 Τ
408 807 501 870 obids'
529 807 690 888 odpovt'dd
712 807 833 891 sardii
854 829 875 870 v
905 808 1005 890 Yeple',
1031 810 1075 880 de,
1101 809 1163 870 kdo
1186 810 1359 872 mandelku
1383 831 1462 873 svou
1484 811 1580 881 aabr'l,

547 915 633 976 musi
653 935 694 976 za
713 915 862 996 prh'linou
885 916 1072 980 rozttetem‘
1091 918 1131 979 do
1154 906 1261 979 Rima.

1257 1077 1517 1160 (1279-r290).

641 1199 752 1280 Super
776 1203 925 1264 eiusdem
950 1205 1118 1282 negocio.⁸

290 1337 487 1422 Thiobiaslb
508 1343 561 1404 dei
579 1347 689 1424 gracia
705 1355 768 1406 etc.
785 1343 906 1406 dilecto
924 1345 955 1405 in
974 1340 1105 1406 Christo
1123 1344 1190 1407 filio
1211 1394 1217 1405 .
1236 1352 1257 1405 ,Ε
1282 1345 1424 1422 plebano
1441 1341 1628 1424 Teplensi¹)

193 1451 324 1512 salutern
349 1461 411 1512 etc.
437 1449 489 1512 De
513 1451 653 1513 consilio
678 1451 756 1512 iuris
780 1453 962 1529 peritorum
988 1453 1021 1514 in
1046 1471 1087 1512 eo
1112 1469 1201 1526 casu,
1226 1471 1325 1531 quern
1350 1453 1448 1514 nobis
1473 1472 1532 1531 per
1555 1463 1629 1514 tuas

194 1557 293 1618 literas
316 1560 484 1634 intimasti,
511 1561 558 1620 sic
582 1559 782 1620 discrecioni
801 1567 859 1620 tue
880 1558 1040 1620 duximus
1064 1559 1324 1620 rescribendum.
1351 1557 1461 1620 Debet
1485 1578 1629 1640 namque

194 1664 247 1740 ille,
270 1666 326 1744 qui
358 1683 500 1726 uxorem
532 1684 627 1727 suam
659 1665 790 1742 occidit,
815 1665 858 1726 ad
893 1665 1080 1726 Romanam
1116 1668 1242 1727 curiam
1274 1684 1374 1746 quam
1407 1669 1474 1728 cito
1507 1671 1629 1744 poterit

195 1791 262 1832 curn
285 1774 408 1834 nostris
432 1771 549 1835 litteris
574 1771 740 1850 proficisci
765 1771 806 1835 ad
832 1771 1059 1835 absolucionis
1091 1791 1192 1851 super
1223 1773 1343 1834 codem
1369 1773 1505 1834 crimine
1530 1775 1628 1834 bene-

193 1877 293 1939 ficium
315 1878 545 1940 obtinendum.
568 1877 667 1941 Unde
691 1880 738 1941 sic
761 1899 861 1958 super
884 1888 972 1941 statu
997 1879 1111 1941 salutis
1136 1899 1195 1941 sue
1214 1880 1383 1958 disponas,
1404 1879 1496 1960 quod
1517 1881 1629 1942 medio

192 1997 335 2062 ternpore
367 1985 468 2048 talem
500 1997 577 2067 agat
608 1989 830 2066 penitenciam
862 2007 922 2066 pro
955 1988 1149 2061 commissis,
1183 1987 1275 2068 quod
1308 1987 1371 2049 sibi
1402 1986 1555 2066 proficiat
1586 1987 1629 2048 ad

192 2092 335 2156 salutem.
360 2091 483 2168 Datum
508 2102 570 2154 etc.

291 2265 352 2320 Fol.
374 2274 407 2322 19
427 2267 450 2318 t.
471 2272 531 2332 131,
551 2269 596 2321 tei
617 2284 634 2319 v
653 2271 792 2336 rukopise
812 2269 944 2338 kapituly
963 2268 1110 2336 PraiskeJ
1126 2266 1173 2320 40¹²
1193 2268 1240 2321 iol.
1260 2272 1330 2320 240¹.
1356 2267 1436 2321 Srov.
1456 2267 1527 2322 cislo
1547 2268 1629 2334 pied·

191 2355 330 2424 chizejici,
349 2373 363 2410 s
382 2356 458 2409 nimi
478 2357 525 2410 list
542 2363 625 2410 tento
644 2359 755 2412 souvisi
773 2375 789 2412 a
810 2375 827 2411 o
847 2359 986 2412 datovdni
1004 2374 1079 2411 srov.
1099 2373 1183 2425 pozn.
1204 2374 1222 2410 u
1242 2356 1291 2411 dis.
1311 2365 1354 2410 44.

295 2484 313 2548 ¹)
334 2483 424 2535 Ktcra
444 2481 535 2550 Tepla
554 2482 607 2536 zde
628 2483 750 2546 minena,
770 2484 852 2536 nelzc
871 2483 963 2537 urditi.

874 2828 946 2888 132.

191 2985 308 3070 Br'sleup
337 2987 368 3049 Τ
364 2986 455 3049 obicit
472 2987 642 3068 pararant>
664 2985 685 3048 k
708 2985 837 3048 iddostz'
867 2985 958 3048 krdle
988 2985 1130 3048 Vdclava
1154 2985 1301 3048 zaloienz‘
1322 2983 1465 3046 kldltera
1486 2993 1630 3063 ponsten-

191 3093 262 3155 m‘lrri
285 3115 332 3156 sv.
357 3093 543 3173 Augustino
567 3115 588 3155 v
612 3093 844 3166 Domaa'lr'clclr,
858 3093 948 3175 jimt
969 3093 1051 3154 kra‘l
1071 3091 1211 3155 doroval
1232 3094 1334 3166 mesta,
1359 3091 1421 3153 kde
1442 3112 1477 3154 se
1499 3091 1630 3154 usadilz'.

1026 3272 1056 3333 V
1074 3272 1189 3344 Fraae,
1214 3267 1320 3352 (1288
1342 3271 1431 3334 leden
1454 3269 1523 3352 28).

239 3415 428 3494 Episcopus
453 3414 629 3477 confirmat
654 3416 878 3477 donacionem
904 3417 988 3497 regis
1012 3415 1133 3478 factam
1159 3413 1315 3478 fratribus
1340 3415 1586 3486 heremitarum,

623 3533 658 3584 ut
683 3533 916 3585 construerent
939 3526 1190 3585 monasterium.

288 3677 464 3746 Thobiasd
497 3695 559 3747 etc.
600 3687 762 3747 universis
802 3693 973 3763 presentes
1012 3685 1138 3746 litteras
1178 3685 1377 3761 inspecturis
1417 3683 1558 3744 salutern
1600 3683 1630 3743 in

187 3789 345 3853 domino.e
370 3790 426 3853 Pie
458 3785 665 3870 postulacios
692 3791 871 3853 voluntatis
903 3791 1050 3853 effectug
1073 3791 1174 3852 debet
1208 3797 1431 3869 prosequente
1464 3789 1632 3868 compleri,

187 3906 276 3960 utet
299 3897 494 3961 devocionis
523 3899 695 3961 sinceritas
728 3898 939 3961 laudabiliter
964 3902 1127 3961 enitescat
1151 3909 1183 3960 et
1208 3897 1332 3959 utilitas
1357 3897 1523 3974 postulata
1548 3901 1633 3958 vires

186 4006 410 4068 indubitanter
450 4016 608 4068 assumat.
653 4005 842 4085 Eapropter
883 4009 1089 4068 universitati
1129 4013 1237 4066 vestre
1276 4015 1391 4066 tenore
1425 4003 1632 4080 presencium

186 4113 336 4175 volumus
353 4131 427 4174 esse
444 4121 567 4188 notum,
587 4113 678 4193 quod
697 4133 758 4174 nos
775 4113 817 4174 ad
836 4132 952 4190 preces
973 4121 1006 4174 et
1023 4114 1179 4174 devotam
1201 4113 1397 4174 instanciam
1419 4110 1633 4189 precordialis

187 4219 310 4281 domini
343 4220 457 4295 nostri,
490 4220 617 4282 domini
641 4218 858 4296 W(enceslai)
891 4219 1026 4282 illustris
1054 4219 1216 4281 Bohemie
1247 4219 1334 4300 regis
1365 4226 1398 4278 et
1430 4217 1633 4280 marchionis

189 4325 343 4400 Moravie,
368 4327 590 4388 donacionem
623 4329 693 4388 eius
726 4326 921 4410 legittimam
954 4338 987 4387 et
1018 4325 1224 4406 perfectam'¹
1249 4326 1291 4386 de
1321 4343 1487 4386 consensu
1520 4333 1633 4385 nostro

186 4433 288 4496 libero
312 4445 347 4496 et
370 4453 532 4512 expresso
556 4429 696 4500 factamt
724 4453 824 4516 quam
849 4435 919 4511 ipse
945 4434 1096 4495 honestis
1128 4444 1161 4494 et
1185 4430 1345 4513 religiosis
1369 4431 1446 4492 viris
1476 4429 1633 4492 fratribus

189 4537 383 4624 (heremitis)
432 4541 557 4604 ordinis
612 4537 649 4622 (s.
690 4527 907 4623 Augustinitl,
946 4541 1189 4603 exhibitoribus
1244 4539 1462 4616 presencium,
1516 4537 1634 4599 iecisse

188 4649 401 4730 dignoscitur,
429 4648 634 4712 conferendo
659 4653 707 4712 eis
732 4658 765 4711 et
790 4653 940 4728 ipsorum
964 4647 1215 4710 successoribus
1246 4647 1408 4706 universis
1433 4639 1496 4706 ack
1518 4663 1633 4706 eorum

291 4861 319 4925 a)
338 4859 469 4927 ,negocii‘
489 4858 528 4911 In.
549 4887 581 4896 —-
602 4857 632 4926 b)
653 4858 712 4926 ,)ο.ι
733 4858 806 4924 Kap.
818 4857 839 4924 J.
862 4887 892 4894 —
914 4861 941 4920 c)
961 4857 1002 4918 ,0
1017 4857 1088 4923 Kap.
1101 4855 1123 4924 J.
1144 4886 1177 4894 —
1197 4855 1228 4922 d)
1248 4857 1366 4922 ,Tobias
1382 4857 1430 4909 dei
1445 4855 1540 4925 gracia
1555 4855 1638 4924 Prag

187 4950 348 5017 episcopus‘
368 4948 432 5001 cod.
453 4947 516 5010 Th,
537 4947 597 5015 ,)ο.ι
616 4946 687 5016 Kap.
701 4947 722 5016 J.
754 4977 785 4984 —
815 4951 842 5005 e)
863 4947 1086 5014 ,sempiternam¹
1106 4946 1172 5000 cod.
1192 4945 1247 4998 Th.
1276 4974 1308 4984 ·-
1337 4945 1546 5013 s),postnlato‘
1566 4945 1632 4997 cod.

187 5037 237 5091 Th.
260 5067 291 5076 -
311 5037 340 5106 g)
360 5035 493 5101 ,effectui‘
519 5037 584 5090 cod.
611 5037 664 5090 Th.
685 5065 717 5074 —
739 5037 768 5104 h)
793 5036 960 5105 ,perlectam
985 5035 1101 5088 editam*
1121 5035 1186 5088 cod.
1207 5035 1260 5088 Th.
1286 5063 1319 5072 —
1346 5035 1371 5102 i)
1392 5034 1512 5098 ,sactam‘
1533 5032 1631 5086 schazi

188 5143 204 5179 r
227 5127 292 5181 cod.
313 5126 367 5179 Th.
393 5155 428 5165 -
451 5125 473 5196 j)
493 5126 638 5188 ,iratribus
664 5127 793 5178 ordinis.
808 5131 823 5179 .‘
849 5125 887 5179 ln.
913 5125 941 5192 ,i.
967 5142 992 5178 o.
1018 5125 1092 5178 talis‘
1113 5124 1185 5193 Kap.
1199 5125 1229 5194 J.,
1250 5125 1415 5188 ,Heremitis
1435 5124 1496 5177 ord.
1510 5139 1532 5176 s.
1550 5123 1634 5192 Aug.‘

189 5218 249 5270 cod.
271 5215 325 5270 Th.
347 5245 377 5256 -
400 5217 429 5280 k)
450 5215 521 5280 ,hac‘
541 5215 589 5282 ln,
610 5221 661 5279 ,ac‘
681 5215 745 5268 cod.
765 5215 817 5268 Th.
