<?xml version="1.0" encoding="UTF-8"?>
<!DOCTYPE html PUBLIC "-//W3C//DTD XHTML 1.0 Transitional//EN"
    "http://www.w3.org/TR/xhtml1/DTD/xhtml1-transitional.dtd">
<html xmlns="http://www.w3.org/1999/xhtml" xml:lang="en" lang="en">
 <head>
  <title>
</title>
<meta http-equiv="Content-Type" content="text/html;charset=utf-8" />
  <meta name='ocr-system' content='tesseract 3.04.00' />
  <meta name='ocr-capabilities' content='ocr_page ocr_carea ocr_par ocr_line ocrx_word'/>
</head>
<body>
  <div class='ocr_page' id='page_1' title='image "./formulbiskupato00novgoog_0161.png"; bbox 0 0 3968 5848; ppageno 0'>
   <div class='ocr_carea' id='block_1_1' title="bbox 870 680 941 742">
    <p class='ocr_par' dir='ltr' id='par_1_1' title="bbox 870 680 941 742">
     <span class='ocr_line' id='line_1_1' title="bbox 870 680 941 742; baseline -0.028 0"><span class='ocrx_word' id='word_1_1' title='bbox 870 680 941 742; x_wconf 88' lang='lat'>149.</span> 
     </span>
    </p>
   </div>
   <div class='ocr_carea' id='block_1_2' title="bbox 192 765 1810 1120">
    <p class='ocr_par' dir='ltr' id='par_1_2' title="bbox 192 765 1810 1120">
     <span class='ocr_line' id='line_1_2' title="bbox 192 765 1810 906; baseline -0.006 -17"><span class='ocrx_word' id='word_1_2' title='bbox 192 827 303 903; x_wconf 78' lang='lat' dir='ltr'>Biskup</span> <span class='ocrx_word' id='word_1_3' title='bbox 340 825 457 888; x_wconf 70' lang='lat' dir='ltr'>Tobe&#39;di</span> <span class='ocrx_word' id='word_1_4' title='bbox 481 781 645 906; x_wconf 57' lang='lat' dir='ltr'>pirpajicje</span> <span class='ocrx_word' id='word_1_5' title='bbox 674 822 908 904; x_wconf 68' lang='lat' dir='ltr'>kpraasklmrc</span> <span class='ocrx_word' id='word_1_6' title='bbox 943 822 1114 886; x_wconf 74' lang='lat' dir='ltr'>dlkanstvz&#39;</span> <span class='ocrx_word' id='word_1_7' title='bbox 1143 841 1196 882; x_wconf 81' lang='lat' dir='ltr'>ves</span> <span class='ocrx_word' id='word_1_8' title='bbox 1230 765 1389 900; x_wconf 51' lang='lat' dir='ltr'>Paleffily</span> <span class='ocrx_word' id='word_1_9' title='bbox 1419 817 1472 879; x_wconf 83' lang='lat' dir='ltr'>dle</span> <span class='ocrx_word' id='word_1_10' title='bbox 1501 816 1627 878; x_wconf 77' lang='lat' dir='ltr'>odkaau</span> <span class='ocrx_word' id='word_1_11' title='bbox 1672 863 1674 870; x_wconf 87' lang='lat'><em>.</em></span> <span class='ocrx_word' id='word_1_12' title='bbox 1703 775 1810 890; x_wconf 47' lang='lat' dir='ltr'>sb(</span> 
     </span>
     <span class='ocr_line' id='line_1_3' title="bbox 192 924 1628 1013; baseline -0.007 -19"><span class='ocrx_word' id='word_1_13' title='bbox 192 933 369 996; x_wconf 82' lang='lat' dir='ltr'>Bohuslava</span> <span class='ocrx_word' id='word_1_14' title='bbox 392 954 412 994; x_wconf 78' lang='lat' dir='ltr'><em>z</em></span> <span class='ocrx_word' id='word_1_15' title='bbox 439 933 527 1011; x_wconf 84' lang='lat' dir='ltr'>Hory</span> <span class='ocrx_word' id='word_1_16' title='bbox 550 953 570 992; x_wconf 82' lang='lat' dir='ltr'>a</span> <span class='ocrx_word' id='word_1_17' title='bbox 595 930 750 1013; x_wconf 63' lang='lat' dir='ltr'>rzafiartje,</span> <span class='ocrx_word' id='word_1_18' title='bbox 781 931 842 1010; x_wconf 81' lang='lat' dir='ltr'>uby</span> <span class='ocrx_word' id='word_1_19' title='bbox 872 929 977 992; x_wconf 55' lang='lat' dir='ltr'>dathan</span> <span class='ocrx_word' id='word_1_20' title='bbox 1007 927 1208 991; x_wconf 66' lang='lat' dir='ltr'>kaidorodnd</span> <span class='ocrx_word' id='word_1_21' title='bbox 1231 925 1375 1008; x_wconf 73' lang='lat' dir='ltr'>por&#39;a&#39;dal</span> <span class='ocrx_word' id='word_1_22' title='bbox 1394 946 1416 986; x_wconf 85' lang='lat' dir='ltr'><em>v</em></span> <span class='ocrx_word' id='word_1_23' title='bbox 1438 924 1500 985; x_wconf 85' lang='lat' dir='ltr'>den</span> <span class='ocrx_word' id='word_1_24' title='bbox 1528 925 1628 985; x_wconf 79' lang='lat' dir='ltr'>rlmrti</span> 
     </span>
     <span class='ocr_line' id='line_1_4' title="bbox 303 1032 1511 1120; baseline -0.008 -18"><span class='ocrx_word' id='word_1_25' title='bbox 303 1041 392 1102; x_wconf 68' lang='grc' dir='ltr'>1έᾶοέ</span> <span class='ocrx_word' id='word_1_26' title='bbox 416 1038 604 1102; x_wconf 81' lang='lat' dir='ltr'>Bolrurluou</span> <span class='ocrx_word' id='word_1_27' title='bbox 629 1039 681 1099; x_wconf 84' lang='lat' dir='ltr'>dle</span> <span class='ocrx_word' id='word_1_28' title='bbox 694 1037 776 1120; x_wconf 79' lang='lat' dir='ltr'>jeho</span> <span class='ocrx_word' id='word_1_29' title='bbox 795 1038 900 1118; x_wconf 59' lang='lat' dir='ltr'>pidnz&#39;</span> <span class='ocrx_word' id='word_1_30' title='bbox 918 1037 1103 1099; x_wconf 83' lang='lat' dir='ltr'>slavnostnz&#39;</span> <span class='ocrx_word' id='word_1_31' title='bbox 1122 1035 1251 1096; x_wconf 80' lang='lat' dir='ltr'>hostr&#39;nu</span> <span class='ocrx_word' id='word_1_32' title='bbox 1274 1054 1316 1094; x_wconf 73' lang='lat' dir='ltr'>sa</span> <span class='ocrx_word' id='word_1_33' title='bbox 1330 1032 1408 1114; x_wconf 82' lang='lat' dir='ltr'>jeho</span> <span class='ocrx_word' id='word_1_34' title='bbox 1431 1032 1511 1092; x_wconf 73' lang='lat' dir='ltr'>dudi.</span> 
     </span>
    </p>
   </div>
   <div class='ocr_carea' id='block_1_3' title="bbox 1030 1189 1518 1274">
    <p class='ocr_par' dir='ltr' id='par_1_3' title="bbox 1030 1189 1518 1274">
     <span class='ocr_line' id='line_1_5' title="bbox 1030 1189 1518 1274; baseline -0.018 -15"><span class='ocrx_word' id='word_1_35' title='bbox 1030 1194 1081 1274; x_wconf 89' lang='lat' dir='ltr'>(V</span> <span class='ocrx_word' id='word_1_36' title='bbox 1096 1195 1209 1271; x_wconf 76' lang='lat' dir='ltr'>Praae,</span> <span class='ocrx_word' id='word_1_37' title='bbox 1235 1193 1323 1256; x_wconf 74' lang='lat'>1290</span> <span class='ocrx_word' id='word_1_38' title='bbox 1343 1193 1426 1254; x_wconf 64' lang='lat' dir='ltr'>sinor</span> <span class='ocrx_word' id='word_1_39' title='bbox 1450 1189 1518 1270; x_wconf 77' lang='lat'>12).</span> 
     </span>
    </p>
   </div>
   <div class='ocr_carea' id='block_1_4' title="bbox 250 1334 1559 1617">
    <p class='ocr_par' dir='ltr' id='par_1_4' title="bbox 250 1334 1559 1617">
     <span class='ocr_line' id='line_1_6' title="bbox 251 1334 1559 1423; baseline -0.008 -18"><span class='ocrx_word' id='word_1_40' title='bbox 251 1345 437 1423; x_wconf 80' lang='lat' dir='ltr'><strong>Episcopus</strong></span> <span class='ocrx_word' id='word_1_41' title='bbox 462 1342 505 1403; x_wconf 95' lang='lat' dir='ltr'>de</span> <span class='ocrx_word' id='word_1_42' title='bbox 529 1361 695 1404; x_wconf 83' lang='lat' dir='ltr'>consensu</span> <span class='ocrx_word' id='word_1_43' title='bbox 720 1341 856 1420; x_wconf 92' lang='lat' dir='ltr'>capituli</span> <span class='ocrx_word' id='word_1_44' title='bbox 889 1341 983 1402; x_wconf 83' lang='lat' dir='ltr'>addit</span> <span class='ocrx_word' id='word_1_45' title='bbox 1007 1341 1185 1401; x_wconf 87' lang='lat' dir='ltr'>decanatui</span> <span class='ocrx_word' id='word_1_46' title='bbox 1209 1337 1326 1410; x_wconf 90' lang='lat' dir='ltr'>villam,</span> <span class='ocrx_word' id='word_1_47' title='bbox 1351 1347 1386 1395; x_wconf 90' lang='lat' dir='ltr'>ut</span> <span class='ocrx_word' id='word_1_48' title='bbox 1411 1334 1559 1414; x_wconf 90' lang='lat' dir='ltr'>quolibet</span> 
     </span>
     <span class='ocr_line' id='line_1_7' title="bbox 250 1442 1558 1529; baseline -0.006 -19"><span class='ocrx_word' id='word_1_49' title='bbox 250 1469 334 1512; x_wconf 90' lang='lat' dir='ltr'>anno</span> <span class='ocrx_word' id='word_1_50' title='bbox 355 1452 388 1512; x_wconf 93' lang='lat' dir='ltr'>in</span> <span class='ocrx_word' id='word_1_51' title='bbox 409 1451 635 1512; x_wconf 88' lang='lat' dir='ltr'>anniversario</span> <span class='ocrx_word' id='word_1_52' title='bbox 656 1449 710 1512; x_wconf 93' lang='lat' dir='ltr'>die</span> <span class='ocrx_word' id='word_1_53' title='bbox 734 1449 853 1511; x_wconf 90' lang='lat' dir='ltr'>nobilis</span> <span class='ocrx_word' id='word_1_54' title='bbox 872 1451 909 1510; x_wconf 90' lang='lat' dir='ltr'>R.</span> <span class='ocrx_word' id='word_1_55' title='bbox 927 1448 1105 1529; x_wconf 91' lang='lat' dir='ltr'>prandium</span> <span class='ocrx_word' id='word_1_56' title='bbox 1124 1445 1280 1508; x_wconf 86' lang='lat' dir='ltr'>iratribus</span> <span class='ocrx_word' id='word_1_57' title='bbox 1301 1456 1334 1506; x_wconf 85' lang='lat' dir='ltr'>et</span> <span class='ocrx_word' id='word_1_58' title='bbox 1355 1442 1558 1521; x_wconf 86' lang='lat' dir='ltr'>pauperibus</span> 
     </span>
     <span class='ocr_line' id='line_1_8' title="bbox 853 1556 958 1617; baseline -0.019 0"><span class='ocrx_word' id='word_1_59' title='bbox 853 1556 958 1617; x_wconf 90' lang='lat' dir='ltr'>daret.</span> 
     </span>
    </p>
   </div>
   <div class='ocr_carea' id='block_1_5' title="bbox 182 1688 1627 3924">
    <p class='ocr_par' dir='ltr' id='par_1_5' title="bbox 182 1688 1627 3924">
     <span class='ocr_line' id='line_1_9' title="bbox 287 1688 1626 1779; baseline -0.006 -17"><span class='ocrx_word' id='word_1_60' title='bbox 287 1699 380 1779; x_wconf 68' lang='lat' dir='ltr'>Qus*¹</span> <span class='ocrx_word' id='word_1_61' title='bbox 410 1700 568 1762; x_wconf 86' lang='lat' dir='ltr'>decorem</span> <span class='ocrx_word' id='word_1_62' title='bbox 602 1699 778 1761; x_wconf 87' lang='lat' dir='ltr'>cuiuslibet</span> <span class='ocrx_word' id='word_1_63' title='bbox 810 1699 929 1760; x_wconf 90' lang='lat' dir='ltr'>domus</span> <span class='ocrx_word' id='word_1_64' title='bbox 963 1698 1017 1760; x_wconf 92' lang='lat' dir='ltr'>dei</span> <span class='ocrx_word' id='word_1_65' title='bbox 1042 1705 1076 1758; x_wconf 88' lang='lat' dir='ltr'>et</span> <span class='ocrx_word' id='word_1_66' title='bbox 1100 1699 1258 1776; x_wconf 83' lang='lat' dir='ltr'>precipue</span> <span class='ocrx_word' id='word_1_67' title='bbox 1290 1688 1428 1757; x_wconf 88' lang='lat' dir='ltr'>sancteb</span> <span class='ocrx_word' id='word_1_68' title='bbox 1453 1692 1626 1774; x_wconf 89' lang='lat' dir='ltr'>Pragensis</span> 
     </span>
     <span class='ocr_line' id='line_1_10' title="bbox 186 1802 1625 1884; baseline -0.006 -16"><span class='ocrx_word' id='word_1_69' title='bbox 186 1809 322 1870; x_wconf 88' lang='lat' dir='ltr'>ecclesie</span> <span class='ocrx_word' id='word_1_70' title='bbox 354 1813 488 1870; x_wconf 84' lang='lat' dir='ltr'>nostrec</span> <span class='ocrx_word' id='word_1_71' title='bbox 513 1808 695 1884; x_wconf 89' lang='lat' dir='ltr'>respiciunt</span> <span class='ocrx_word' id='word_1_72' title='bbox 727 1806 946 1868; x_wconf 91' lang='lat' dir='ltr'>commodum</span> <span class='ocrx_word' id='word_1_73' title='bbox 972 1813 1006 1867; x_wconf 88' lang='lat' dir='ltr'>et</span> <span class='ocrx_word' id='word_1_74' title='bbox 1029 1805 1201 1876; x_wconf 91' lang='lat' dir='ltr'>honorem,</span> <span class='ocrx_word' id='word_1_75' title='bbox 1224 1812 1318 1864; x_wconf 88' lang='lat' dir='ltr'>tanto</span> <span class='ocrx_word' id='word_1_76' title='bbox 1351 1802 1519 1863; x_wconf 81' lang='lat' dir='ltr'>efficacius</span> <span class='ocrx_word' id='word_1_77' title='bbox 1550 1818 1625 1878; x_wconf 92' lang='lat' dir='ltr'>pro·</span> 
     </span>
     <span class='ocr_line' id='line_1_11' title="bbox 186 1907 1627 1995; baseline -0.004 -21"><span class='ocrx_word' id='word_1_78' title='bbox 186 1915 290 1976; x_wconf 88' lang='lat' dir='ltr'>videre</span> <span class='ocrx_word' id='word_1_79' title='bbox 311 1909 494 1990; x_wconf 71' lang='lat' dir='ltr'>voturnusd,</span> <span class='ocrx_word' id='word_1_80' title='bbox 512 1924 639 1994; x_wconf 90' lang='lat' dir='ltr'>quanto</span> <span class='ocrx_word' id='word_1_81' title='bbox 665 1917 769 1995; x_wconf 88' lang='lat' dir='ltr'>magis</span> <span class='ocrx_word' id='word_1_82' title='bbox 795 1933 834 1974; x_wconf 91' lang='lat' dir='ltr'>ea</span> <span class='ocrx_word' id='word_1_83' title='bbox 859 1912 1061 1975; x_wconf 91' lang='lat' dir='ltr'>adsalutem</span> <span class='ocrx_word' id='word_1_84' title='bbox 1083 1913 1250 1991; x_wconf 87' lang='lat' dir='ltr'>pertinent</span> <span class='ocrx_word' id='word_1_85' title='bbox 1271 1913 1465 1972; x_wconf 91' lang='lat' dir='ltr'>animarum.</span> <span class='ocrx_word' id='word_1_86' title='bbox 1490 1907 1627 1970; x_wconf 87' lang='lat' dir='ltr'>Noverit</span> 
     </span>
     <span class='ocr_line' id='line_1_12' title="bbox 188 2015 1625 2102; baseline -0.004 -22"><span class='ocrx_word' id='word_1_87' title='bbox 188 2022 276 2102; x_wconf 85' lang='lat' dir='ltr'>igitur</span> <span class='ocrx_word' id='word_1_88' title='bbox 316 2023 512 2084; x_wconf 87' lang='lat' dir='ltr'>universitas</span> <span class='ocrx_word' id='word_1_89' title='bbox 552 2033 670 2095; x_wconf 84' lang='lat' dir='ltr'>vestra,</span> <span class='ocrx_word' id='word_1_90' title='bbox 711 2020 803 2100; x_wconf 92' lang='lat' dir='ltr'>quod</span> <span class='ocrx_word' id='word_1_91' title='bbox 839 2027 921 2081; x_wconf 75' lang='lat' dir='ltr'>nose</span> <span class='ocrx_word' id='word_1_92' title='bbox 956 2021 998 2082; x_wconf 91' lang='lat' dir='ltr'>de</span> <span class='ocrx_word' id='word_1_93' title='bbox 1034 2019 1169 2080; x_wconf 91' lang='lat' dir='ltr'>comuni</span> <span class='ocrx_word' id='word_1_94' title='bbox 1209 2035 1374 2079; x_wconf 91' lang='lat' dir='ltr'>consensu</span> <span class='ocrx_word' id='word_1_95' title='bbox 1412 2027 1444 2077; x_wconf 91' lang='lat' dir='ltr'>et</span> <span class='ocrx_word' id='word_1_96' title='bbox 1479 2015 1625 2076; x_wconf 88' lang='lat' dir='ltr'>unanimi</span> 
     </span>
     <span class='ocr_line' id='line_1_13' title="bbox 188 2123 1626 2204; baseline -0.004 -16"><span class='ocrx_word' id='word_1_97' title='bbox 188 2127 352 2190; x_wconf 87' lang='lat' dir='ltr'>vuluntate</span> <span class='ocrx_word' id='word_1_98' title='bbox 400 2128 646 2190; x_wconf 88' lang='lat' dir='ltr'>honorabilium</span> <span class='ocrx_word' id='word_1_99' title='bbox 702 2128 847 2189; x_wconf 89' lang='lat' dir='ltr'>virorum</span> <span class='ocrx_word' id='word_1_100' title='bbox 900 2127 1025 2188; x_wconf 90' lang='lat' dir='ltr'>domini</span> <span class='ocrx_word' id='word_1_101' title='bbox 1074 2124 1215 2202; x_wconf 78' lang='lat' dir='ltr'>Wllrici)</span> <span class='ocrx_word' id='word_1_102' title='bbox 1263 2126 1432 2204; x_wconf 87' lang='lat' dir='ltr'>prepositi,</span> <span class='ocrx_word' id='word_1_103' title='bbox 1479 2123 1626 2203; x_wconf 85' lang='lat' dir='ltr'>magistri</span> 
     </span>
     <span class='ocr_line' id='line_1_14' title="bbox 188 2229 1625 2317; baseline -0.006 -21"><span class='ocrx_word' id='word_1_104' title='bbox 188 2231 364 2317; x_wconf 73' lang='lat' dir='ltr'>Glregorii)</span> <span class='ocrx_word' id='word_1_105' title='bbox 397 2235 517 2296; x_wconf 90' lang='lat' dir='ltr'>decani</span> <span class='ocrx_word' id='word_1_106' title='bbox 549 2255 588 2296; x_wconf 91' lang='lat' dir='ltr'>ac</span> <span class='ocrx_word' id='word_1_107' title='bbox 621 2237 724 2297; x_wconf 89' lang='lat' dir='ltr'>totius</span> <span class='ocrx_word' id='word_1_108' title='bbox 757 2229 927 2296; x_wconf 75' lang='lat' dir='ltr'>eiusdems</span> <span class='ocrx_word' id='word_1_109' title='bbox 961 2233 1134 2315; x_wconf 87' lang='lat' dir='ltr'>Pragensis</span> <span class='ocrx_word' id='word_1_110' title='bbox 1170 2242 1283 2295; x_wconf 87' lang='lat' dir='ltr'>nostre·</span> <span class='ocrx_word' id='word_1_111' title='bbox 1316 2230 1457 2292; x_wconf 89' lang='lat' dir='ltr'>ecclesie</span> <span class='ocrx_word' id='word_1_112' title='bbox 1490 2229 1625 2308; x_wconf 85' lang='lat' dir='ltr'>capituli</span> 
     </span>
     <span class='ocr_line' id='line_1_15' title="bbox 187 2335 1624 2422; baseline -0.003 -22"><span class='ocrx_word' id='word_1_113' title='bbox 187 2341 288 2402; x_wconf 90' lang='lat' dir='ltr'>villam</span> <span class='ocrx_word' id='word_1_114' title='bbox 307 2339 537 2422; x_wconf 70' lang='lat' dir='ltr'>Poludratl‘1),</span> <span class='ocrx_word' id='word_1_115' title='bbox 561 2361 662 2420; x_wconf 90' lang='lat' dir='ltr'>quam</span> <span class='ocrx_word' id='word_1_116' title='bbox 687 2342 809 2404; x_wconf 90' lang='lat' dir='ltr'>nobilis</span> <span class='ocrx_word' id='word_1_117' title='bbox 834 2342 880 2403; x_wconf 94' lang='lat' dir='ltr'>vir</span> <span class='ocrx_word' id='word_1_118' title='bbox 897 2337 1139 2422; x_wconf 72' lang='lat' dir='ltr'>(Bohuslaus)²</span> <span class='ocrx_word' id='word_1_119' title='bbox 1164 2341 1251 2402; x_wconf 88' lang='lat' dir='ltr'>bone</span> <span class='ocrx_word' id='word_1_120' title='bbox 1272 2341 1432 2400; x_wconf 86' lang='lat' dir='ltr'>memorie</span> <span class='ocrx_word' id='word_1_121' title='bbox 1453 2335 1624 2416; x_wconf 85' lang='lat' dir='ltr'>quondam</span> 
     </span>
     <span class='ocr_line' id='line_1_16' title="bbox 186 2438 1625 2528; baseline -0.005 -19"><span class='ocrx_word' id='word_1_122' title='bbox 186 2449 287 2511; x_wconf 91' lang='lat' dir='ltr'>dictus</span> <span class='ocrx_word' id='word_1_123' title='bbox 323 2449 366 2510; x_wconf 91' lang='lat' dir='ltr'>de</span> <span class='ocrx_word' id='word_1_124' title='bbox 403 2445 524 2521; x_wconf 76' lang='lat' dir='ltr'>Hora,¹‘</span> <span class='ocrx_word' id='word_1_125' title='bbox 559 2443 679 2510; x_wconf 83' lang='lat' dir='ltr'>sitamh</span> <span class='ocrx_word' id='word_1_126' title='bbox 716 2469 821 2528; x_wconf 92' lang='lat' dir='ltr'>prope</span> <span class='ocrx_word' id='word_1_127' title='bbox 860 2459 893 2510; x_wconf 92' lang='lat' dir='ltr'>et</span> <span class='ocrx_word' id='word_1_128' title='bbox 932 2451 1016 2510; x_wconf 91' lang='lat' dir='ltr'>inter</span> <span class='ocrx_word' id='word_1_129' title='bbox 1056 2443 1243 2522; x_wconf 84' lang='lat' dir='ltr'>Zahorzie,¹‘</span> <span class='ocrx_word' id='word_1_130' title='bbox 1278 2438 1468 2522; x_wconf 60' lang='lat' dir='ltr'>Pouocw)</span> <span class='ocrx_word' id='word_1_131' title='bbox 1506 2441 1625 2517; x_wconf 63' lang='lat' dir='ltr'>laeua,l</span> 
     </span>
     <span class='ocr_line' id='line_1_17' title="bbox 188 2552 1622 2638; baseline -0.005 -21"><span class='ocrx_word' id='word_1_132' title='bbox 188 2553 359 2618; x_wconf 78' lang='lat' dir='ltr'>Brazdimk</span> <span class='ocrx_word' id='word_1_133' title='bbox 390 2558 482 2620; x_wconf 93' lang='lat' dir='ltr'>villas</span> <span class='ocrx_word' id='word_1_134' title='bbox 518 2557 695 2636; x_wconf 90' lang='lat' dir='ltr'>provincie,</span> <span class='ocrx_word' id='word_1_135' title='bbox 730 2577 795 2638; x_wconf 88' lang='lat' dir='ltr'>que</span> <span class='ocrx_word' id='word_1_136' title='bbox 836 2552 1096 2636; x_wconf 62' lang='lat' dir='ltr'>Moziryechek‘l)</span> <span class='ocrx_word' id='word_1_137' title='bbox 1128 2556 1304 2636; x_wconf 83' lang='lat' dir='ltr'>vulgariter</span> <span class='ocrx_word' id='word_1_138' title='bbox 1336 2553 1521 2632; x_wconf 89' lang='lat' dir='ltr'>appelatur,</span> <span class='ocrx_word' id='word_1_139' title='bbox 1557 2569 1622 2611; x_wconf 91' lang='lat' dir='ltr'>non</span> 
     </span>
     <span class='ocr_line' id='line_1_18' title="bbox 188 2658 1625 2744; baseline -0.003 -22"><span class='ocrx_word' id='word_1_140' title='bbox 188 2662 278 2744; x_wconf 90' lang='lat' dir='ltr'>longe</span> <span class='ocrx_word' id='word_1_141' title='bbox 312 2665 354 2725; x_wconf 88' lang='lat' dir='ltr'>de</span> <span class='ocrx_word' id='word_1_142' title='bbox 387 2659 596 2742; x_wconf 74' lang='lat' dir='ltr'>Costelecz⁴i</span> <span class='ocrx_word' id='word_1_143' title='bbox 636 2673 738 2744; x_wconf 88' lang='lat' dir='ltr'>atque</span> <span class='ocrx_word' id='word_1_144' title='bbox 771 2658 963 2744; x_wconf 81' lang='lat' dir='ltr'>Hradecz⁵)</span> <span class='ocrx_word' id='word_1_145' title='bbox 1000 2662 1158 2725; x_wconf 89' lang='lat' dir='ltr'>iamdicte</span> <span class='ocrx_word' id='word_1_146' title='bbox 1192 2663 1364 2742; x_wconf 85' lang='lat' dir='ltr'>Pragensis</span> <span class='ocrx_word' id='word_1_147' title='bbox 1397 2659 1546 2729; x_wconf 81' lang='lat' dir='ltr'>ecclesie,</span> <span class='ocrx_word' id='word_1_148' title='bbox 1581 2658 1625 2718; x_wconf 89' lang='lat' dir='ltr'>ad</span> 
     </span>
     <span class='ocr_line' id='line_1_19' title="bbox 185 2763 1623 2849; baseline -0.004 -19"><span class='ocrx_word' id='word_1_149' title='bbox 185 2781 326 2833; x_wconf 88' lang='lat' dir='ltr'>nostram</span> <span class='ocrx_word' id='word_1_150' title='bbox 360 2775 557 2834; x_wconf 86' lang='lat' dir='ltr'>instanciam</span> <span class='ocrx_word' id='word_1_151' title='bbox 582 2773 614 2832; x_wconf 92' lang='lat' dir='ltr'>in</span> <span class='ocrx_word' id='word_1_152' title='bbox 638 2779 842 2834; x_wconf 89' lang='lat' dir='ltr'>testamento</span> <span class='ocrx_word' id='word_1_153' title='bbox 874 2791 935 2832; x_wconf 89' lang='lat' dir='ltr'>suo</span> <span class='ocrx_word' id='word_1_154' title='bbox 968 2769 1099 2849; x_wconf 91' lang='lat' dir='ltr'>reliquit</span> <span class='ocrx_word' id='word_1_155' title='bbox 1131 2787 1206 2831; x_wconf 90' lang='lat' dir='ltr'>cum</span> <span class='ocrx_word' id='word_1_156' title='bbox 1240 2769 1394 2830; x_wconf 92' lang='lat' dir='ltr'>omnibus</span> <span class='ocrx_word' id='word_1_157' title='bbox 1427 2767 1493 2828; x_wconf 91' lang='lat' dir='ltr'>suis</span> <span class='ocrx_word' id='word_1_158' title='bbox 1525 2763 1623 2843; x_wconf 90' lang='lat' dir='ltr'>perti·</span> 
     </span>
     <span class='ocr_line' id='line_1_20' title="bbox 185 2871 1623 2958; baseline -0.004 -20"><span class='ocrx_word' id='word_1_159' title='bbox 185 2881 306 2941; x_wconf 91' lang='lat' dir='ltr'>nenciis</span> <span class='ocrx_word' id='word_1_160' title='bbox 338 2889 370 2940; x_wconf 90' lang='lat' dir='ltr'>et</span> <span class='ocrx_word' id='word_1_161' title='bbox 395 2881 521 2940; x_wconf 90' lang='lat' dir='ltr'>iuribus</span> <span class='ocrx_word' id='word_1_162' title='bbox 553 2879 685 2958; x_wconf 89' lang='lat' dir='ltr'>pietatis</span> <span class='ocrx_word' id='word_1_163' title='bbox 716 2881 834 2940; x_wconf 90' lang='lat' dir='ltr'>intuitu</span> <span class='ocrx_word' id='word_1_164' title='bbox 860 2893 892 2939; x_wconf 87' lang='lat' dir='ltr'>et</span> <span class='ocrx_word' id='word_1_165' title='bbox 917 2878 1052 2940; x_wconf 91' lang='lat' dir='ltr'>donavit</span> <span class='ocrx_word' id='word_1_166' title='bbox 1088 2871 1281 2938; x_wconf 84' lang='lat' dir='ltr'>decanatuii</span> <span class='ocrx_word' id='word_1_167' title='bbox 1321 2876 1425 2952; x_wconf 92' lang='lat' dir='ltr'>ipsius</span> <span class='ocrx_word' id='word_1_168' title='bbox 1450 2872 1623 2952; x_wconf 88' lang='lat' dir='ltr'>Pragensis</span> 
     </span>
     <span class='ocr_line' id='line_1_21' title="bbox 185 2975 1623 3064; baseline -0.004 -19"><span class='ocrx_word' id='word_1_169' title='bbox 185 2987 330 3064; x_wconf 89' lang='lat' dir='ltr'>ecclesie,</span> <span class='ocrx_word' id='word_1_170' title='bbox 355 2999 390 3048; x_wconf 93' lang='lat' dir='ltr'>ut</span> <span class='ocrx_word' id='word_1_171' title='bbox 422 2987 606 3048; x_wconf 90' lang='lat' dir='ltr'>maioribus</span> <span class='ocrx_word' id='word_1_172' title='bbox 638 2988 822 3050; x_wconf 91' lang='lat' dir='ltr'>redditibus</span> <span class='ocrx_word' id='word_1_173' title='bbox 854 2985 1073 3060; x_wconf 84' lang='lat' dir='ltr'>habundaret,</span> <span class='ocrx_word' id='word_1_174' title='bbox 1098 2992 1132 3044; x_wconf 91' lang='lat' dir='ltr'>et</span> <span class='ocrx_word' id='word_1_175' title='bbox 1156 2985 1312 3062; x_wconf 84' lang='lat' dir='ltr'>magister</span> <span class='ocrx_word' id='word_1_176' title='bbox 1337 2975 1548 3062; x_wconf 74' lang='lat' dir='ltr'>Glregorius)</span> <span class='ocrx_word' id='word_1_177' title='bbox 1581 2980 1623 3039; x_wconf 90' lang='lat' dir='ltr'>ad</span> 
     </span>
     <span class='ocr_line' id='line_1_22' title="bbox 187 3087 1624 3173; baseline -0.003 -21"><span class='ocrx_word' id='word_1_178' title='bbox 187 3113 317 3173; x_wconf 90' lang='lat' dir='ltr'>presens</span> <span class='ocrx_word' id='word_1_179' title='bbox 351 3097 384 3155; x_wconf 90' lang='lat' dir='ltr'>in</span> <span class='ocrx_word' id='word_1_180' title='bbox 417 3093 535 3155; x_wconf 87' lang='lat' dir='ltr'>eadem</span> <span class='ocrx_word' id='word_1_181' title='bbox 569 3093 710 3155; x_wconf 86' lang='lat' dir='ltr'>ecclesia</span> <span class='ocrx_word' id='word_1_182' title='bbox 741 3093 889 3156; x_wconf 91' lang='lat' dir='ltr'>decanus</span> <span class='ocrx_word' id='word_1_183' title='bbox 921 3103 954 3154; x_wconf 92' lang='lat' dir='ltr'>et</span> <span class='ocrx_word' id='word_1_184' title='bbox 979 3091 1117 3171; x_wconf 91' lang='lat' dir='ltr'>quilibet</span> <span class='ocrx_word' id='word_1_185' title='bbox 1149 3109 1323 3152; x_wconf 89' lang='lat' dir='ltr'>successor</span> <span class='ocrx_word' id='word_1_186' title='bbox 1355 3107 1443 3162; x_wconf 90' lang='lat' dir='ltr'>suus,</span> <span class='ocrx_word' id='word_1_187' title='bbox 1476 3087 1531 3166; x_wconf 92' lang='lat' dir='ltr'>qui</span> <span class='ocrx_word' id='word_1_188' title='bbox 1564 3106 1624 3165; x_wconf 93' lang='lat' dir='ltr'>pro</span> 
     </span>
     <span class='ocr_line' id='line_1_23' title="bbox 185 3191 1623 3280; baseline -0.004 -20"><span class='ocrx_word' id='word_1_189' title='bbox 185 3209 331 3280; x_wconf 90' lang='lat' dir='ltr'>tempore</span> <span class='ocrx_word' id='word_1_190' title='bbox 364 3201 471 3276; x_wconf 86' lang='lat' dir='ltr'>suerit,</span> <span class='ocrx_word' id='word_1_191' title='bbox 503 3221 544 3261; x_wconf 90' lang='lat' dir='ltr'>eo</span> <span class='ocrx_word' id='word_1_192' title='bbox 577 3201 749 3262; x_wconf 89' lang='lat' dir='ltr'>honestius</span> <span class='ocrx_word' id='word_1_193' title='bbox 781 3209 814 3262; x_wconf 90' lang='lat' dir='ltr'>et</span> <span class='ocrx_word' id='word_1_194' title='bbox 838 3200 950 3263; x_wconf 92' lang='lat' dir='ltr'>utilius</span> <span class='ocrx_word' id='word_1_195' title='bbox 982 3199 1092 3260; x_wconf 93' lang='lat' dir='ltr'>eidem</span> <span class='ocrx_word' id='word_1_196' title='bbox 1124 3191 1244 3276; x_wconf 88' lang='lat' dir='ltr'>possitl</span> <span class='ocrx_word' id='word_1_197' title='bbox 1274 3197 1414 3258; x_wconf 87' lang='lat' dir='ltr'>ecclesie</span> <span class='ocrx_word' id='word_1_198' title='bbox 1447 3195 1623 3267; x_wconf 90' lang='lat' dir='ltr'>deservire,</span> 
     </span>
     <span class='ocr_line' id='line_1_24' title="bbox 185 3305 1625 3388; baseline -0.004 -20"><span class='ocrx_word' id='word_1_199' title='bbox 185 3311 380 3369; x_wconf 88' lang='lat' dir='ltr'>auctoritate</span> <span class='ocrx_word' id='word_1_200' title='bbox 401 3328 420 3368; x_wconf 89' lang='lat' dir='ltr'>a</span> <span class='ocrx_word' id='word_1_201' title='bbox 442 3308 599 3387; x_wconf 90' lang='lat' dir='ltr'>predictis</span> <span class='ocrx_word' id='word_1_202' title='bbox 623 3308 805 3388; x_wconf 92' lang='lat' dir='ltr'>preposit0,</span> <span class='ocrx_word' id='word_1_203' title='bbox 830 3308 960 3368; x_wconf 88' lang='lat' dir='ltr'>decano</span> <span class='ocrx_word' id='word_1_204' title='bbox 985 3317 1018 3368; x_wconf 91' lang='lat' dir='ltr'>et</span> <span class='ocrx_word' id='word_1_205' title='bbox 1043 3306 1189 3386; x_wconf 90' lang='lat' dir='ltr'>capitulo</span> <span class='ocrx_word' id='word_1_206' title='bbox 1214 3305 1311 3366; x_wconf 90' lang='lat' dir='ltr'>nobis</span> <span class='ocrx_word' id='word_1_207' title='bbox 1336 3323 1496 3365; x_wconf 85' lang='lat' dir='ltr'>concessa</span> <span class='ocrx_word' id='word_1_208' title='bbox 1520 3321 1560 3363; x_wconf 93' lang='lat' dir='ltr'>ac</span> <span class='ocrx_word' id='word_1_209' title='bbox 1584 3321 1625 3363; x_wconf 90' lang='lat' dir='ltr'>ea</span> 
     </span>
     <span class='ocr_line' id='line_1_25' title="bbox 184 3410 1625 3494; baseline -0.003 -18"><span class='ocrx_word' id='word_1_210' title='bbox 184 3433 244 3493; x_wconf 89' lang='lat' dir='ltr'>qua</span> <span class='ocrx_word' id='word_1_211' title='bbox 279 3413 447 3494; x_wconf 77' lang='lat' dir='ltr'>fungimur</span> <span class='ocrx_word' id='word_1_212' title='bbox 480 3415 758 3494; x_wconf 83' lang='lat' dir='ltr'>imperpetuumm</span> <span class='ocrx_word' id='word_1_213' title='bbox 784 3423 999 3476; x_wconf 88' lang='lat' dir='ltr'>annectentes</span> <span class='ocrx_word' id='word_1_214' title='bbox 1036 3424 1069 3475; x_wconf 90' lang='lat' dir='ltr'>et</span> <span class='ocrx_word' id='word_1_215' title='bbox 1103 3413 1204 3491; x_wconf 89' lang='lat' dir='ltr'>ipsius</span> <span class='ocrx_word' id='word_1_216' title='bbox 1244 3412 1427 3473; x_wconf 90' lang='lat' dir='ltr'>decanatus</span> <span class='ocrx_word' id='word_1_217' title='bbox 1461 3410 1625 3490; x_wconf 91' lang='lat' dir='ltr'>prioribus</span> 
     </span>
     <span class='ocr_line' id='line_1_26' title="bbox 185 3517 1626 3602; baseline -0.003 -21"><span class='ocrx_word' id='word_1_218' title='bbox 185 3523 364 3584; x_wconf 88' lang='lat' dir='ltr'>redditibus</span> <span class='ocrx_word' id='word_1_219' title='bbox 398 3532 514 3584; x_wconf 91' lang='lat' dir='ltr'>tenore</span> <span class='ocrx_word' id='word_1_220' title='bbox 550 3524 759 3602; x_wconf 89' lang='lat' dir='ltr'>presencium</span> <span class='ocrx_word' id='word_1_221' title='bbox 799 3521 907 3583; x_wconf 89' lang='lat' dir='ltr'>taliter</span> <span class='ocrx_word' id='word_1_222' title='bbox 945 3521 1106 3596; x_wconf 91' lang='lat' dir='ltr'>unientes,</span> <span class='ocrx_word' id='word_1_223' title='bbox 1142 3520 1232 3600; x_wconf 91' lang='lat' dir='ltr'>quod</span> <span class='ocrx_word' id='word_1_224' title='bbox 1267 3519 1420 3580; x_wconf 90' lang='lat' dir='ltr'>videlicet</span> <span class='ocrx_word' id='word_1_225' title='bbox 1455 3517 1626 3596; x_wconf 88' lang='lat' dir='ltr'>predictus</span> 
     </span>
     <span class='ocr_line' id='line_1_27' title="bbox 184 3625 1624 3712; baseline -0.003 -24"><span class='ocrx_word' id='word_1_226' title='bbox 184 3633 334 3710; x_wconf 86' lang='lat' dir='ltr'>magister</span> <span class='ocrx_word' id='word_1_227' title='bbox 359 3627 570 3712; x_wconf 89' lang='lat' dir='ltr'>G(regorius)</span> <span class='ocrx_word' id='word_1_228' title='bbox 603 3629 774 3691; x_wconf 82' lang='lat' dir='ltr'>decanus¹¹</span> <span class='ocrx_word' id='word_1_229' title='bbox 796 3637 829 3690; x_wconf 89' lang='lat' dir='ltr'>et</span> <span class='ocrx_word' id='word_1_230' title='bbox 853 3628 992 3709; x_wconf 92' lang='lat' dir='ltr'>quilibet</span> <span class='ocrx_word' id='word_1_231' title='bbox 1022 3646 1196 3688; x_wconf 80' lang='lat' dir='ltr'>successor</span> <span class='ocrx_word' id='word_1_232' title='bbox 1228 3629 1309 3702; x_wconf 91' lang='lat' dir='ltr'>eius,</span> <span class='ocrx_word' id='word_1_233' title='bbox 1335 3625 1390 3705; x_wconf 95' lang='lat' dir='ltr'>qui</span> <span class='ocrx_word' id='word_1_234' title='bbox 1415 3635 1491 3702; x_wconf 94' lang='lat' dir='ltr'>post</span> <span class='ocrx_word' id='word_1_235' title='bbox 1516 3626 1624 3702; x_wconf 92' lang='lat' dir='ltr'>ipsum</span> 
     </span>
     <span class='ocr_line' id='line_1_28' title="bbox 182 3731 1623 3816; baseline -0.003 -21"><span class='ocrx_word' id='word_1_236' title='bbox 182 3733 280 3811; x_wconf 90' lang='lat' dir='ltr'>luerit,</span> <span class='ocrx_word' id='word_1_237' title='bbox 297 3737 535 3798; x_wconf 88' lang='lat' dir='ltr'>aniversarium</span> <span class='ocrx_word' id='word_1_238' title='bbox 559 3737 649 3798; x_wconf 90' lang='lat' dir='ltr'>diem</span> <span class='ocrx_word' id='word_1_239' title='bbox 673 3737 847 3798; x_wconf 89' lang='lat' dir='ltr'>memorati</span> <span class='ocrx_word' id='word_1_240' title='bbox 864 3731 1064 3816; x_wconf 65' lang='lat' dir='ltr'>Blohuslail⁰</span> <span class='ocrx_word' id='word_1_241' title='bbox 1093 3735 1206 3797; x_wconf 88' lang='lat' dir='ltr'>dando</span> <span class='ocrx_word' id='word_1_242' title='bbox 1231 3735 1428 3813; x_wconf 82' lang='lat' dir='ltr'>solempnep</span> <span class='ocrx_word' id='word_1_243' title='bbox 1450 3732 1623 3811; x_wconf 89' lang='lat' dir='ltr'>prandium</span> 
     </span>
     <span class='ocr_line' id='line_1_29' title="bbox 182 3832 1623 3924; baseline -0.003 -20"><span class='ocrx_word' id='word_1_244' title='bbox 182 3844 320 3906; x_wconf 90' lang='lat' dir='ltr'>dominis</span> <span class='ocrx_word' id='word_1_245' title='bbox 345 3851 379 3905; x_wconf 90' lang='lat' dir='ltr'>et</span> <span class='ocrx_word' id='word_1_246' title='bbox 403 3845 626 3924; x_wconf 84' lang='lat' dir='ltr'>pauperibus¹</span> <span class='ocrx_word' id='word_1_247' title='bbox 653 3863 714 3922; x_wconf 90' lang='lat' dir='ltr'>pro</span> <span class='ocrx_word' id='word_1_248' title='bbox 739 3845 848 3905; x_wconf 89' lang='lat' dir='ltr'>anima</span> <span class='ocrx_word' id='word_1_249' title='bbox 873 3846 944 3905; x_wconf 91' lang='lat' dir='ltr'>eius</span> <span class='ocrx_word' id='word_1_250' title='bbox 973 3863 1048 3904; x_wconf 94' lang='lat' dir='ltr'>cum</span> <span class='ocrx_word' id='word_1_251' title='bbox 1073 3841 1223 3904; x_wconf 88' lang='lat' dir='ltr'>candelis</span> <span class='ocrx_word' id='word_1_252' title='bbox 1248 3851 1281 3903; x_wconf 87' lang='lat' dir='ltr'>et</span> <span class='ocrx_word' id='word_1_253' title='bbox 1306 3832 1503 3923; x_wconf 83' lang='lat' dir='ltr'>offer[torio]</span> <span class='ocrx_word' id='word_1_254' title='bbox 1530 3839 1623 3899; x_wconf 88' lang='lat' dir='ltr'>iuxta</span> 
     </span>
    </p>
   </div>
   <div class='ocr_carea' id='block_1_6' title="bbox 179 4030 1624 5354">
    <p class='ocr_par' dir='ltr' id='par_1_6' title="bbox 179 4030 1624 5354">
     <span class='ocr_line' id='line_1_30' title="bbox 282 4030 1623 4106; baseline -0.007 -18"><span class='ocrx_word' id='word_1_255' title='bbox 282 4037 310 4099; x_wconf 80' lang='lat' dir='ltr'>ai</span> <span class='ocrx_word' id='word_1_256' title='bbox 330 4035 477 4100; x_wconf 89' lang='lat' dir='ltr'>,Thobias,</span> <span class='ocrx_word' id='word_1_257' title='bbox 498 4037 544 4089; x_wconf 90' lang='lat' dir='ltr'>dei</span> <span class='ocrx_word' id='word_1_258' title='bbox 570 4037 666 4106; x_wconf 83' lang='lat' dir='ltr'>gracia</span> <span class='ocrx_word' id='word_1_259' title='bbox 688 4035 837 4104; x_wconf 84' lang='lat' dir='ltr'>Pragensis</span> <span class='ocrx_word' id='word_1_260' title='bbox 863 4036 1018 4104; x_wconf 87' lang='lat' dir='ltr'>episcopus</span> <span class='ocrx_word' id='word_1_261' title='bbox 1044 4034 1188 4086; x_wconf 90' lang='lat' dir='ltr'>universis</span> <span class='ocrx_word' id='word_1_262' title='bbox 1215 4047 1307 4100; x_wconf 89' lang='lat' dir='ltr'>praes.</span> <span class='ocrx_word' id='word_1_263' title='bbox 1333 4033 1384 4085; x_wconf 91' lang='lat' dir='ltr'>litt.</span> <span class='ocrx_word' id='word_1_264' title='bbox 1410 4031 1482 4097; x_wconf 90' lang='lat' dir='ltr'>insp.</span> <span class='ocrx_word' id='word_1_265' title='bbox 1501 4030 1623 4082; x_wconf 88' lang='lat' dir='ltr'>salutem</span> 
     </span>
     <span class='ocr_line' id='line_1_31' title="bbox 181 4119 1623 4193; baseline -0.005 -17"><span class='ocrx_word' id='word_1_266' title='bbox 181 4125 206 4176; x_wconf 93' lang='lat' dir='ltr'>in</span> <span class='ocrx_word' id='word_1_267' title='bbox 225 4127 344 4180; x_wconf 90' lang='lat' dir='ltr'>domino</span> <span class='ocrx_word' id='word_1_268' title='bbox 363 4127 575 4192; x_wconf 88' lang='lat' dir='ltr'>sempiternam.</span> <span class='ocrx_word' id='word_1_269' title='bbox 596 4124 662 4193; x_wconf 85' lang='lat' dir='ltr'>Que</span> <span class='ocrx_word' id='word_1_270' title='bbox 677 4162 787 4177; x_wconf 90' lang='grc'>......</span> <span class='ocrx_word' id='word_1_271' title='bbox 791 4128 797 4150; x_wconf 88' lang='lat'>‘</span> <span class='ocrx_word' id='word_1_272' title='bbox 816 4125 885 4193; x_wconf 91' lang='lat' dir='ltr'>orig.</span> <span class='ocrx_word' id='word_1_273' title='bbox 908 4153 937 4162; x_wconf 87' lang='lat'>-</span> <span class='ocrx_word' id='word_1_274' title='bbox 961 4122 989 4193; x_wconf 87' lang='lat' dir='ltr'>b)</span> <span class='ocrx_word' id='word_1_275' title='bbox 1019 4127 1136 4186; x_wconf 87' lang='lat' dir='ltr'>,sancte‘</span> <span class='ocrx_word' id='word_1_276' title='bbox 1156 4123 1253 4175; x_wconf 78' lang='lat' dir='ltr'>schazi</span> <span class='ocrx_word' id='word_1_277' title='bbox 1269 4137 1286 4172; x_wconf 91' lang='lat' dir='ltr'>v</span> <span class='ocrx_word' id='word_1_278' title='bbox 1306 4122 1376 4189; x_wconf 90' lang='lat' dir='ltr'>orig.</span> <span class='ocrx_word' id='word_1_279' title='bbox 1396 4123 1405 4172; x_wconf 96' lang='lat' dir='ltr'>i</span> <span class='ocrx_word' id='word_1_280' title='bbox 1424 4137 1441 4170; x_wconf 94' lang='lat' dir='ltr'>v</span> <span class='ocrx_word' id='word_1_281' title='bbox 1462 4119 1533 4186; x_wconf 83' lang='lat' dir='ltr'>Kap.</span> <span class='ocrx_word' id='word_1_282' title='bbox 1547 4119 1569 4187; x_wconf 91' lang='lat' dir='ltr'>J.</span> <span class='ocrx_word' id='word_1_283' title='bbox 1595 4147 1623 4156; x_wconf 93' lang='lat'><em>-</em></span> 
     </span>
     <span class='ocr_line' id='line_1_32' title="bbox 182 4208 1623 4284; baseline -0.006 -18"><span class='ocrx_word' id='word_1_284' title='bbox 182 4214 206 4281; x_wconf 88' lang='lat' dir='ltr'>c)</span> <span class='ocrx_word' id='word_1_285' title='bbox 225 4217 332 4276; x_wconf 88' lang='lat' dir='ltr'>,matris</span> <span class='ocrx_word' id='word_1_286' title='bbox 357 4223 387 4268; x_wconf 87' lang='lat' dir='ltr'>et</span> <span class='ocrx_word' id='word_1_287' title='bbox 413 4214 529 4267; x_wconf 89' lang='lat' dir='ltr'>domine</span> <span class='ocrx_word' id='word_1_288' title='bbox 555 4220 664 4268; x_wconf 86' lang='lat' dir='ltr'>nostre‘</span> <span class='ocrx_word' id='word_1_289' title='bbox 690 4215 760 4284; x_wconf 89' lang='lat' dir='ltr'>orig.</span> <span class='ocrx_word' id='word_1_290' title='bbox 781 4243 813 4252; x_wconf 98' lang='lat'>—</span> <span class='ocrx_word' id='word_1_291' title='bbox 834 4215 864 4274; x_wconf 83' lang='lat' dir='ltr'>d)</span> <span class='ocrx_word' id='word_1_292' title='bbox 890 4214 1039 4276; x_wconf 90' lang='lat' dir='ltr'>,volentes‘</span> <span class='ocrx_word' id='word_1_293' title='bbox 1068 4212 1106 4265; x_wconf 91' lang='lat' dir='ltr'>ln.</span> <span class='ocrx_word' id='word_1_294' title='bbox 1127 4213 1135 4263; x_wconf 96' lang='lat' dir='ltr'>i</span> <span class='ocrx_word' id='word_1_295' title='bbox 1155 4216 1235 4280; x_wconf 72' lang='lat' dir='ltr'>orig,</span> <span class='ocrx_word' id='word_1_296' title='bbox 1269 4211 1429 4274; x_wconf 86' lang='lat' dir='ltr'>,voluimus‘</span> <span class='ocrx_word' id='word_1_297' title='bbox 1463 4208 1569 4275; x_wconf 79' lang='lat' dir='ltr'>Kapl.</span> <span class='ocrx_word' id='word_1_298' title='bbox 1590 4235 1623 4245; x_wconf 89' lang='lat'>—</span> 
     </span>
     <span class='ocr_line' id='line_1_33' title="bbox 182 4297 1624 4374; baseline -0.007 -17"><span class='ocrx_word' id='word_1_299' title='bbox 182 4307 206 4370; x_wconf 83' lang='lat' dir='ltr'>e)</span> <span class='ocrx_word' id='word_1_300' title='bbox 224 4307 313 4373; x_wconf 91' lang='lat' dir='ltr'>,quod</span> <span class='ocrx_word' id='word_1_301' title='bbox 342 4305 451 4358; x_wconf 89' lang='lat' dir='ltr'>domini</span> <span class='ocrx_word' id='word_1_302' title='bbox 483 4303 608 4357; x_wconf 90' lang='lat' dir='ltr'>ericus</span> <span class='ocrx_word' id='word_1_303' title='bbox 638 4306 813 4373; x_wconf 88' lang='lat' dir='ltr'>prepositus,</span> <span class='ocrx_word' id='word_1_304' title='bbox 842 4304 979 4374; x_wconf 88' lang='lat' dir='ltr'>magister</span> <span class='ocrx_word' id='word_1_305' title='bbox 1011 4302 1170 4372; x_wconf 86' lang='lat' dir='ltr'>Gregorius</span> <span class='ocrx_word' id='word_1_306' title='bbox 1201 4301 1331 4353; x_wconf 90' lang='lat' dir='ltr'>decanus</span> <span class='ocrx_word' id='word_1_307' title='bbox 1362 4306 1515 4364; x_wconf 87' lang='lat' dir='ltr'>totumque</span> <span class='ocrx_word' id='word_1_308' title='bbox 1544 4297 1624 4365; x_wconf 86' lang='lat' dir='ltr'>Prag.</span> 
     </span>
     <span class='ocr_line' id='line_1_34' title="bbox 182 4384 1623 4461; baseline -0.006 -16"><span class='ocrx_word' id='word_1_309' title='bbox 182 4395 298 4448; x_wconf 84' lang='lat' dir='ltr'>ecclesie</span> <span class='ocrx_word' id='word_1_310' title='bbox 324 4403 424 4447; x_wconf 89' lang='lat' dir='ltr'>nostre</span> <span class='ocrx_word' id='word_1_311' title='bbox 448 4394 604 4461; x_wconf 87' lang='lat' dir='ltr'>capitulum</span> <span class='ocrx_word' id='word_1_312' title='bbox 630 4394 848 4446; x_wconf 87' lang='lat' dir='ltr'>ordinacionem</span> <span class='ocrx_word' id='word_1_313' title='bbox 875 4401 904 4445; x_wconf 88' lang='lat' dir='ltr'>et</span> <span class='ocrx_word' id='word_1_314' title='bbox 929 4392 1155 4459; x_wconf 86' lang='lat' dir='ltr'>disposicionem</span> <span class='ocrx_word' id='word_1_315' title='bbox 1181 4405 1236 4442; x_wconf 92' lang='lat' dir='ltr'>nec</span> <span class='ocrx_word' id='word_1_316' title='bbox 1260 4405 1319 4442; x_wconf 91' lang='lat' dir='ltr'>non</span> <span class='ocrx_word' id='word_1_317' title='bbox 1344 4387 1531 4441; x_wconf 88' lang='lat' dir='ltr'>collacionem</span> <span class='ocrx_word' id='word_1_318' title='bbox 1557 4384 1623 4438; x_wconf 92' lang='lat' dir='ltr'>ville</span> 
     </span>
     <span class='ocr_line' id='line_1_35' title="bbox 182 4476 1623 4552; baseline -0.005 -18"><span class='ocrx_word' id='word_1_319' title='bbox 182 4481 302 4537; x_wconf 87' lang='lat' dir='ltr'>Polurad</span> <span class='ocrx_word' id='word_1_320' title='bbox 321 4499 409 4551; x_wconf 90' lang='lat' dir='ltr'>quam</span> <span class='ocrx_word' id='word_1_321' title='bbox 424 4522 530 4536; x_wconf 90' lang='grc'>......</span> <span class='ocrx_word' id='word_1_322' title='bbox 534 4483 541 4508; x_wconf 89' lang='lat'>‘</span> <span class='ocrx_word' id='word_1_323' title='bbox 560 4483 630 4552; x_wconf 84' lang='lat' dir='ltr'>orig.</span> <span class='ocrx_word' id='word_1_324' title='bbox 651 4513 684 4520; x_wconf 99' lang='lat'><em>-</em></span> <span class='ocrx_word' id='word_1_325' title='bbox 705 4483 730 4544; x_wconf 87' lang='lat' dir='ltr'>i)</span> <span class='ocrx_word' id='word_1_326' title='bbox 751 4483 890 4546; x_wconf 89' lang='lat' dir='ltr'>,eiusdem</span> <span class='ocrx_word' id='word_1_327' title='bbox 910 4482 1050 4536; x_wconf 90' lang='lat' dir='ltr'>eiusdem‘</span> <span class='ocrx_word' id='word_1_328' title='bbox 1070 4483 1110 4535; x_wconf 93' lang='lat' dir='ltr'>ln.</span> <span class='ocrx_word' id='word_1_329' title='bbox 1132 4511 1162 4519; x_wconf 92' lang='lat'>-</span> <span class='ocrx_word' id='word_1_330' title='bbox 1183 4485 1211 4550; x_wconf 83' lang='lat' dir='ltr'>gl</span> <span class='ocrx_word' id='word_1_331' title='bbox 1231 4481 1273 4542; x_wconf 84' lang='lat' dir='ltr'>,R‘</span> <span class='ocrx_word' id='word_1_332' title='bbox 1287 4477 1525 4542; x_wconf 77' lang='lat' dir='ltr'>ln.„Bohuslaus‘</span> <span class='ocrx_word' id='word_1_333' title='bbox 1543 4476 1623 4543; x_wconf 73' lang='lat' dir='ltr'>orig„</span> 
     </span>
     <span class='ocr_line' id='line_1_36' title="bbox 180 4565 1623 4642; baseline -0.005 -19"><span class='ocrx_word' id='word_1_334' title='bbox 180 4573 272 4626; x_wconf 66' lang='lat' dir='ltr'>scheri</span> <span class='ocrx_word' id='word_1_335' title='bbox 291 4589 309 4625; x_wconf 90' lang='lat' dir='ltr'>v</span> <span class='ocrx_word' id='word_1_336' title='bbox 328 4572 404 4638; x_wconf 86' lang='lat' dir='ltr'>Kap.</span> <span class='ocrx_word' id='word_1_337' title='bbox 417 4573 439 4640; x_wconf 83' lang='lat' dir='ltr'>J.</span> <span class='ocrx_word' id='word_1_338' title='bbox 459 4601 492 4610; x_wconf 93' lang='lat'><em>-</em></span> <span class='ocrx_word' id='word_1_339' title='bbox 513 4571 542 4642; x_wconf 87' lang='lat' dir='ltr'>h)</span> <span class='ocrx_word' id='word_1_340' title='bbox 562 4571 652 4632; x_wconf 88' lang='lat' dir='ltr'>,Hora</span> <span class='ocrx_word' id='word_1_341' title='bbox 677 4573 731 4625; x_wconf 89' lang='lat' dir='ltr'>site</span> <span class='ocrx_word' id='word_1_342' title='bbox 753 4587 843 4639; x_wconf 89' lang='lat' dir='ltr'>prope</span> <span class='ocrx_word' id='word_1_343' title='bbox 863 4571 992 4624; x_wconf 82' lang='lat' dir='ltr'>Hradek‘</span> <span class='ocrx_word' id='word_1_344' title='bbox 1011 4573 1091 4638; x_wconf 74' lang='lat' dir='ltr'>orig,</span> <span class='ocrx_word' id='word_1_345' title='bbox 1111 4570 1218 4623; x_wconf 89' lang='lat' dir='ltr'>ostatni</span> <span class='ocrx_word' id='word_1_346' title='bbox 1244 4571 1277 4620; x_wconf 75' lang='lat' dir='ltr'>ai</span> <span class='ocrx_word' id='word_1_347' title='bbox 1296 4583 1334 4635; x_wconf 92' lang='lat' dir='ltr'>po</span> <span class='ocrx_word' id='word_1_348' title='bbox 1355 4565 1505 4630; x_wconf 73' lang='lat' dir='ltr'>,Hradecz¹</span> <span class='ocrx_word' id='word_1_349' title='bbox 1526 4565 1623 4619; x_wconf 63' lang='lat' dir='ltr'>scheri</span> 
     </span>
     <span class='ocr_line' id='line_1_37' title="bbox 181 4657 1623 4732; baseline -0.003 -19"><span class='ocrx_word' id='word_1_350' title='bbox 181 4677 196 4713; x_wconf 85' lang='lat' dir='ltr'><strong>v</strong></span> <span class='ocrx_word' id='word_1_351' title='bbox 214 4665 281 4732; x_wconf 81' lang='lat' dir='ltr'>orig</span> <span class='ocrx_word' id='word_1_352' title='bbox 303 4690 336 4700; x_wconf 91' lang='lat'><em>-</em></span> <span class='ocrx_word' id='word_1_353' title='bbox 357 4660 376 4730; x_wconf 91' lang='lat' dir='ltr'>i)</span> <span class='ocrx_word' id='word_1_354' title='bbox 395 4663 532 4727; x_wconf 78' lang='lat' dir='ltr'>,donavit</span> <span class='ocrx_word' id='word_1_355' title='bbox 554 4677 605 4728; x_wconf 90' lang='lat' dir='ltr'>per</span> <span class='ocrx_word' id='word_1_356' title='bbox 624 4663 717 4728; x_wconf 91' lang='lat' dir='ltr'>ipsum</span> <span class='ocrx_word' id='word_1_357' title='bbox 739 4663 765 4714; x_wconf 95' lang='lat' dir='ltr'>d.</span> <span class='ocrx_word' id='word_1_358' title='bbox 785 4661 924 4714; x_wconf 89' lang='lat' dir='ltr'>ericum</span> <span class='ocrx_word' id='word_1_359' title='bbox 950 4663 1128 4728; x_wconf 90' lang='lat' dir='ltr'>prepositum</span> <span class='ocrx_word' id='word_1_360' title='bbox 1149 4667 1178 4710; x_wconf 92' lang='lat' dir='ltr'>et</span> <span class='ocrx_word' id='word_1_361' title='bbox 1197 4658 1355 4711; x_wconf 88' lang='lat' dir='ltr'>iohannem</span> <span class='ocrx_word' id='word_1_362' title='bbox 1380 4657 1564 4710; x_wconf 84' lang='lat' dir='ltr'>scolasticum</span> <span class='ocrx_word' id='word_1_363' title='bbox 1585 4671 1623 4708; x_wconf 83' lang='lat' dir='ltr'>ex</span> 
     </span>
     <span class='ocr_line' id='line_1_38' title="bbox 181 4745 1622 4819; baseline -0.004 -15"><span class='ocrx_word' id='word_1_364' title='bbox 181 4761 256 4817; x_wconf 84' lang='lat' dir='ltr'>parte</span> <span class='ocrx_word' id='word_1_365' title='bbox 283 4752 401 4819; x_wconf 87' lang='lat' dir='ltr'>capituli</span> <span class='ocrx_word' id='word_1_366' title='bbox 425 4750 462 4804; x_wconf 89' lang='lat' dir='ltr'>ad</span> <span class='ocrx_word' id='word_1_367' title='bbox 488 4751 544 4804; x_wconf 91' lang='lat' dir='ltr'>hoc</span> <span class='ocrx_word' id='word_1_368' title='bbox 569 4751 692 4804; x_wconf 84' lang='lat' dir='ltr'>nuncios</span> <span class='ocrx_word' id='word_1_369' title='bbox 719 4750 884 4816; x_wconf 89' lang='lat' dir='ltr'>specialiter</span> <span class='ocrx_word' id='word_1_370' title='bbox 912 4750 1070 4816; x_wconf 88' lang='lat' dir='ltr'>deputatos</span> <span class='ocrx_word' id='word_1_371' title='bbox 1096 4757 1195 4801; x_wconf 89' lang='lat' dir='ltr'>nostre</span> <span class='ocrx_word' id='word_1_372' title='bbox 1221 4747 1378 4800; x_wconf 88' lang='lat' dir='ltr'>voluntatis</span> <span class='ocrx_word' id='word_1_373' title='bbox 1402 4745 1520 4798; x_wconf 89' lang='lat' dir='ltr'>arbitrio</span> <span class='ocrx_word' id='word_1_374' title='bbox 1546 4760 1622 4798; x_wconf 93' lang='lat' dir='ltr'>com·</span> 
     </span>
     <span class='ocr_line' id='line_1_39' title="bbox 181 4835 1623 4910; baseline -0.004 -18"><span class='ocrx_word' id='word_1_375' title='bbox 181 4841 315 4894; x_wconf 84' lang='lat' dir='ltr'>miserunt</span> <span class='ocrx_word' id='word_1_376' title='bbox 334 4841 511 4910; x_wconf 85' lang='lat' dir='ltr'>integraliter</span> <span class='ocrx_word' id='word_1_377' title='bbox 530 4846 615 4893; x_wconf 91' lang='lat' dir='ltr'>etex</span> <span class='ocrx_word' id='word_1_378' title='bbox 635 4849 707 4893; x_wconf 88' lang='lat' dir='ltr'>toto.</span> <span class='ocrx_word' id='word_1_379' title='bbox 745 4839 805 4893; x_wconf 90' lang='lat' dir='ltr'>Nos</span> <span class='ocrx_word' id='word_1_380' title='bbox 830 4847 928 4892; x_wconf 88' lang='lat' dir='ltr'>autern</span> <span class='ocrx_word' id='word_1_381' title='bbox 954 4839 1157 4891; x_wconf 86' lang='lat' dir='ltr'>condicionem</span> <span class='ocrx_word' id='word_1_382' title='bbox 1183 4840 1343 4889; x_wconf 87' lang='lat' dir='ltr'>decanatus</span> <span class='ocrx_word' id='word_1_383' title='bbox 1362 4836 1453 4902; x_wconf 88' lang='lat' dir='ltr'>ipsius</span> <span class='ocrx_word' id='word_1_384' title='bbox 1475 4835 1623 4902; x_wconf 83' lang='lat' dir='ltr'>Pragensis</span> 
     </span>
     <span class='ocr_line' id='line_1_40' title="bbox 179 4923 1621 4993; baseline -0.003 -13"><span class='ocrx_word' id='word_1_385' title='bbox 179 4931 297 4984; x_wconf 88' lang='lat' dir='ltr'>ecclesie</span> <span class='ocrx_word' id='word_1_386' title='bbox 316 4929 448 4983; x_wconf 86' lang='lat' dir='ltr'>volentes</span> <span class='ocrx_word' id='word_1_387' title='bbox 467 4927 564 4983; x_wconf 84' lang='lat' dir='ltr'>facere</span> <span class='ocrx_word' id='word_1_388' title='bbox 579 4929 735 4990; x_wconf 84' lang='lat' dir='ltr'>meliorem,</span> <span class='ocrx_word' id='word_1_389' title='bbox 756 4937 788 4982; x_wconf 93' lang='lat' dir='ltr'>ut</span> <span class='ocrx_word' id='word_1_390' title='bbox 805 4929 962 4982; x_wconf 86' lang='lat' dir='ltr'>maioribus</span> <span class='ocrx_word' id='word_1_391' title='bbox 983 4928 1144 4980; x_wconf 91' lang='lat' dir='ltr'>redditibus</span> <span class='ocrx_word' id='word_1_392' title='bbox 1164 4926 1346 4980; x_wconf 87' lang='lat' dir='ltr'>habundaret</span> <span class='ocrx_word' id='word_1_393' title='bbox 1365 4925 1500 4992; x_wconf 84' lang='lat' dir='ltr'>magister</span> <span class='ocrx_word' id='word_1_394' title='bbox 1513 4923 1621 4993; x_wconf 89' lang='lat' dir='ltr'>Grego-</span> 
     </span>
     <span class='ocr_line' id='line_1_41' title="bbox 181 5013 1622 5088; baseline -0.004 -18"><span class='ocrx_word' id='word_1_395' title='bbox 181 5019 294 5072; x_wconf 84' lang='lat' dir='ltr'>rius...</span> <span class='ocrx_word' id='word_1_396' title='bbox 310 5057 316 5070; x_wconf 93' lang='lat'><strong><em>.</em></strong></span> <span class='ocrx_word' id='word_1_397' title='bbox 332 5025 368 5071; x_wconf 72' lang='lat'>..⁸</span> <span class='ocrx_word' id='word_1_398' title='bbox 388 5019 458 5088; x_wconf 87' lang='lat' dir='ltr'>orig.</span> <span class='ocrx_word' id='word_1_399' title='bbox 480 5047 512 5056; x_wconf 95' lang='lat'><em>-</em></span> <span class='ocrx_word' id='word_1_400' title='bbox 532 5021 561 5082; x_wconf 85' lang='lat' dir='ltr'>k)</span> <span class='ocrx_word' id='word_1_401' title='bbox 582 5019 685 5072; x_wconf 72' lang='lat' dir='ltr'>Schdzi</span> <span class='ocrx_word' id='word_1_402' title='bbox 705 5037 722 5071; x_wconf 95' lang='lat' dir='ltr'>v</span> <span class='ocrx_word' id='word_1_403' title='bbox 742 5020 814 5087; x_wconf 91' lang='lat' dir='ltr'>Kap.</span> <span class='ocrx_word' id='word_1_404' title='bbox 828 5019 851 5088; x_wconf 91' lang='lat' dir='ltr'>J.</span> <span class='ocrx_word' id='word_1_405' title='bbox 873 5047 904 5056; x_wconf 87' lang='lat'><em>-</em></span> <span class='ocrx_word' id='word_1_406' title='bbox 926 5019 944 5082; x_wconf 87' lang='lat' dir='ltr'>l)</span> <span class='ocrx_word' id='word_1_407' title='bbox 966 5018 1077 5077; x_wconf 85' lang='lat' dir='ltr'>,valeat‘</span> <span class='ocrx_word' id='word_1_408' title='bbox 1100 5018 1169 5086; x_wconf 89' lang='lat' dir='ltr'>orig.</span> <span class='ocrx_word' id='word_1_409' title='bbox 1191 5045 1223 5054; x_wconf 95' lang='lat'><em>-</em></span> <span class='ocrx_word' id='word_1_410' title='bbox 1245 5017 1283 5079; x_wconf 89' lang='lat' dir='ltr'>m)</span> <span class='ocrx_word' id='word_1_411' title='bbox 1304 5016 1508 5083; x_wconf 87' lang='lat' dir='ltr'>,supradictam</span> <span class='ocrx_word' id='word_1_412' title='bbox 1531 5013 1622 5066; x_wconf 81' lang='lat' dir='ltr'>villam</span> 
     </span>
     <span class='ocr_line' id='line_1_42' title="bbox 181 5104 1621 5176; baseline -0.002 -17"><span class='ocrx_word' id='word_1_413' title='bbox 181 5109 230 5176; x_wconf 87' lang='lat' dir='ltr'>ipsi</span> <span class='ocrx_word' id='word_1_414' title='bbox 254 5108 409 5162; x_wconf 86' lang='lat' dir='ltr'>decanatui</span> <span class='ocrx_word' id='word_1_415' title='bbox 428 5110 456 5158; x_wconf 93' lang='lat' dir='ltr'>in</span> <span class='ocrx_word' id='word_1_416' title='bbox 477 5115 649 5174; x_wconf 89' lang='lat' dir='ltr'>perpetuum</span> <span class='ocrx_word' id='word_1_417' title='bbox 674 5111 770 5162; x_wconf 88' lang='lat' dir='ltr'>taliter</span> <span class='ocrx_word' id='word_1_418' title='bbox 795 5109 932 5162; x_wconf 86' lang='lat' dir='ltr'>duximus</span> <span class='ocrx_word' id='word_1_419' title='bbox 957 5108 1124 5170; x_wconf 91' lang='lat' dir='ltr'>uniendum,</span> <span class='ocrx_word' id='word_1_420' title='bbox 1144 5106 1224 5173; x_wconf 91' lang='lat' dir='ltr'>quod</span> <span class='ocrx_word' id='word_1_421' title='bbox 1244 5106 1379 5159; x_wconf 87' lang='lat' dir='ltr'>videlicet</span> <span class='ocrx_word' id='word_1_422' title='bbox 1392 5144 1479 5158; x_wconf 87' lang='grc'><strong><em>.....</em></strong></span> <span class='ocrx_word' id='word_1_423' title='bbox 1499 5104 1567 5171; x_wconf 88' lang='lat' dir='ltr'>orig.</span> <span class='ocrx_word' id='word_1_424' title='bbox 1588 5131 1621 5140; x_wconf 85' lang='lat'><em>-</em></span> 
     </span>
     <span class='ocr_line' id='line_1_43' title="bbox 181 5193 1621 5266; baseline -0.004 -17"><span class='ocrx_word' id='word_1_425' title='bbox 181 5200 207 5262; x_wconf 92' lang='lat' dir='ltr'>n)</span> <span class='ocrx_word' id='word_1_426' title='bbox 227 5213 311 5257; x_wconf 90' lang='lat' dir='ltr'>‚nunc</span> <span class='ocrx_word' id='word_1_427' title='bbox 331 5197 468 5250; x_wconf 85' lang='lat' dir='ltr'>decanus‘</span> <span class='ocrx_word' id='word_1_428' title='bbox 488 5197 559 5264; x_wconf 88' lang='lat' dir='ltr'>orig.</span> <span class='ocrx_word' id='word_1_429' title='bbox 573 5227 604 5235; x_wconf 92' lang='lat'>-</span> <span class='ocrx_word' id='word_1_430' title='bbox 626 5197 655 5266; x_wconf 88' lang='lat' dir='ltr'>o)</span> <span class='ocrx_word' id='word_1_431' title='bbox 674 5199 719 5263; x_wconf 85' lang='lat' dir='ltr'>,R‘</span> <span class='ocrx_word' id='word_1_432' title='bbox 739 5202 787 5260; x_wconf 76' lang='lat' dir='ltr'>ln,</span> <span class='ocrx_word' id='word_1_433' title='bbox 807 5199 961 5261; x_wconf 85' lang='lat' dir='ltr'>,Bohuslai‘</span> <span class='ocrx_word' id='word_1_434' title='bbox 978 5199 1048 5265; x_wconf 85' lang='lat' dir='ltr'>orig.</span> <span class='ocrx_word' id='word_1_435' title='bbox 1067 5225 1093 5234; x_wconf 86' lang='lat'><em>-</em></span> <span class='ocrx_word' id='word_1_436' title='bbox 1115 5195 1144 5264; x_wconf 89' lang='lat' dir='ltr'>p)</span> <span class='ocrx_word' id='word_1_437' title='bbox 1165 5196 1330 5263; x_wconf 78' lang='lat' dir='ltr'>,solempne‘</span> <span class='ocrx_word' id='word_1_438' title='bbox 1352 5195 1448 5246; x_wconf 76' lang='lat' dir='ltr'>schazi</span> <span class='ocrx_word' id='word_1_439' title='bbox 1468 5209 1485 5244; x_wconf 94' lang='lat' dir='ltr'>v</span> <span class='ocrx_word' id='word_1_440' title='bbox 1505 5193 1574 5260; x_wconf 89' lang='lat' dir='ltr'>orig.</span> <span class='ocrx_word' id='word_1_441' title='bbox 1588 5221 1621 5230; x_wconf 94' lang='lat'>—</span> 
     </span>
     <span class='ocr_line' id='line_1_44' title="bbox 180 5287 1193 5354; baseline -0.003 -16"><span class='ocrx_word' id='word_1_442' title='bbox 180 5291 201 5350; x_wconf 81' lang='lat' dir='ltr'>r)</span> <span class='ocrx_word' id='word_1_443' title='bbox 221 5287 354 5350; x_wconf 85' lang='lat' dir='ltr'>,dominis</span> <span class='ocrx_word' id='word_1_444' title='bbox 374 5287 496 5348; x_wconf 89' lang='lat' dir='ltr'>vicariis,</span> <span class='ocrx_word' id='word_1_445' title='bbox 517 5288 694 5354; x_wconf 87' lang='lat' dir='ltr'>pauperibus</span> <span class='ocrx_word' id='word_1_446' title='bbox 714 5296 743 5340; x_wconf 91' lang='lat' dir='ltr'>et</span> <span class='ocrx_word' id='word_1_447' title='bbox 761 5289 952 5340; x_wconf 87' lang='lat' dir='ltr'>servitoribus</span> <span class='ocrx_word' id='word_1_448' title='bbox 972 5287 1101 5340; x_wconf 87' lang='lat' dir='ltr'>ecclesie‘</span> <span class='ocrx_word' id='word_1_449' title='bbox 1122 5287 1193 5354; x_wconf 91' lang='lat' dir='ltr'>orig.</span> 
     </span>
    </p>
   </div>
   <div class='ocr_carea' id='block_1_7' title="bbox 0 0 1988 5846">
    <p class='ocr_par' dir='ltr' id='par_1_7' title="bbox 0 0 1988 5846">
     <span class='ocr_line' id='line_1_45' title="bbox 0 0 1988 5846; baseline 0 0"><span class='ocrx_word' id='word_1_450' title='bbox 0 0 1988 5846; x_wconf 95' lang='lat' dir='ltr'> </span> 
     </span>
    </p>
   </div>
  </div>
 </body>
</html>
