3988 5844
1043 391 1095 440 210

348 623 464 683 preces
488 612 521 666 et
545 603 742 666 mandatum
773 604 863 666 sedis
894 604 1080 683 apostolice
1110 623 1151 667 ac
1183 604 1309 666 domini
1340 607 1444 666 nostri
1468 603 1670 687 Maguntini¹
1702 623 1791 666 rece·

348 713 457 791 pimus
488 711 659 788 speciales,
694 721 730 772 ut
762 712 939 794 negocium
976 722 1009 774 et
1040 714 1182 774 nuncios
1218 713 1324 774 sancti
1350 709 1512 772 Anthonii
1547 730 1607 790 per
1642 720 1791 774 nostram

348 818 520 897 dyocesim
556 838 617 898 pro
653 817 801 879 fidelium
836 817 1029 881 elemosinis
1063 818 1258 901 colligendis
1293 818 1550 880 admitteremus
1574 817 1633 894 (ett
1657 838 1792 898 promo·

347 947 507 990 vetemus.
533 927 605 989 Nos
630 926 842 988 attendentes
866 944 983 1004 preces
1006 935 1040 988 et
1064 925 1262 988 mandatum
1275 925 1365 987 sedis
1390 924 1576 1002 apostolice
1600 946 1641 988 ac
1664 924 1792 988 domini

346 1037 452 1098 nostri
476 1028 676 1115 Maguntinib
701 1032 851 1111 predicti,
875 1032 918 1094 de
942 1033 1108 1094 bonorum
1132 1031 1272 1093 consilio
1289 1032 1434 1094 virorum
1457 1034 1627 1114 predictos
1651 1032 1793 1095 nuncios

348 1143 506 1204 duximus
537 1131 764 1204 admittendos
789 1147 822 1200 et
846 1139 923 1201 hos⁰
953 1158 1014 1218 per
1037 1158 1100 1201 nos
1124 1147 1158 1200 et
1182 1138 1310 1201 amicos
1334 1147 1468 1202 nostros
1491 1139 1634 1204 fideliter
1657 1158 1792 1218 promo·

347 1249 482 1312 vendos.
523 1247 637 1328 Quare
661 1251 758 1310 vobis
782 1247 917 1329 singulis
949 1265 987 1307 ac
1011 1247 1172 1310 universis
1197 1247 1229 1308 in
1253 1249 1372 1307 virtute
1396 1257 1511 1309 sancte
1535 1247 1734 1310 obediencie
1759 1255 1792 1307 et

348 1357 409 1418 sub
434 1376 521 1438 pena
553 1356 882 1417 excomunicacionis
913 1363 947 1416 et
978 1355 1207 1433 suspensionis
1238 1351 1338 1414 officii
1362 1355 1459 1416 vestri
1485 1356 1686 1416 auctoritate
1710 1372 1789 1432 apo·

348 1463 465 1526 stolica
490 1473 591 1544 atque
615 1473 727 1526 nostra
753 1462 889 1524 firmiter
905 1471 939 1523 et
955 1462 1105 1523 districte
1123 1463 1328 1540 precipimus
1345 1471 1377 1522 et
1393 1462 1600 1537 mandamus,
1626 1471 1793 1542 quatenus

348 1571 535 1650 predictum
559 1572 734 1652 negocium
762 1587 821 1648 per
844 1569 1031 1646 terminum,
1060 1586 1159 1648 quem
1185 1568 1280 1630 vobis
1304 1568 1462 1650 magister
1486 1564 1569 1630 Wl.d
1594 1578 1793 1650 procurator

348 1678 428 1741 dicti
459 1679 598 1760 negocii,
633 1677 804 1740 exhibitor
839 1679 1058 1756 presencium,
1094 1678 1309 1754 proposuerit
1340 1683 1374 1737 et
1397 1675 1620 1756 assignaverit,
1657 1694 1791 1756 promo·

347 1787 502 1862 vendunt,
537 1786 692 1847 omnibus
716 1785 788 1846 aliis
811 1785 960 1866 negociis
984 1795 1017 1846 et
1041 1783 1273 1864 peticionibus,
1308 1783 1550 1860 cuiuscunque‘
1586 1782 1794 1845 condicionis

347 1905 380 1956 et
405 1893 609 1956 auctoritatis
640 1893 794 1968 existant,
827 1892 891 1954 isto
927 1892 1069 1953 durante
1104 1890 1248 1972 negocio
1279 1889 1489 1950 cessantibus
1520 1897 1554 1950 et
1585 1891 1792 1968 postpositis,

348 2021 406 2064 seu
445 2001 557 2062 literas
593 2007 724 2061 nostras
760 1999 908 2061 habeant
941 1997 992 2058 vel
1031 1997 1216 2072 habuerint,
1253 1988 1353 2076 quass
1391 1999 1525 2077 penitus
1563 1997 1662 2057 etiam
1705 2003 1793 2056 tota-

347 2109 419 2171 liter
458 2126 654 2170 revocamus
689 2115 723 2168 et
757 2107 958 2184 deponimus
996 2124 1057 2185 per
1088 2113 1269 2183 presentes,
1309 2103 1486 2166 dominicis
1520 2103 1642 2164 diebus
1677 2111 1710 2163 et
1744 2098 1792 2160 l·

347 2217 438 2279 stivis
473 2217 505 2277 in
541 2213 831 2294 predicacionibus
866 2221 899 2276 et
933 2214 966 2275 in
1000 2213 1249 2275 visitacionibus
1285 2211 1500 2287 infirmorum,
1539 2210 1572 2270 in
1611 2208 1792 2271 consessio-

347 2325 445 2386 nibus
479 2322 673 2384 audiendis⁸
704 2329 737 2382 et
767 2322 838 2384 aliis
873 2319 991 2396 modis,
1025 2313 1148 2400 quamh
1172 2317 1290 2380 melius
1325 2318 1484 2398 poteritis,
1519 2318 1613 2378 iuxta
1647 2323 1791 2378 vestram

347 2434 470 2494 bonam
495 2432 743 2493 conscienciam
757 2429 874 2490 vestris
891 2428 1034 2490 subditis
1050 2425 1230 2505 exponatis
1255 2433 1289 2486 et
1305 2427 1432 2504 exponi
1457 2443 1516 2503 per
1539 2423 1630 2501 alios,
1654 2422 1792 2504 quando

348 2557 486 2601 necesse
509 2537 617 2614 fuerit,
640 2537 837 2616 procuretis.
870 2533 905 2597 Si
930 2554 1013 2615 quas
1037 2531 1137 2595 ctiam
1163 2533 1321 2594 ecclesias
1344 2531 1395 2592 vel
1420 2531 1566 2612 capellas
1590 2532 1793 2594 auctoritate

347 2655 459 2709 nostra
490 2645 540 2706 vel
566 2643 878 2706 archidiaconorum
898 2635 1178 2704 veldecanorumi
1223 2648 1414 2702 nostrorum
1431 2647 1487 2700 aut
1511 2639 1652 2701 aliorum
1676 2651 1791 2699 nostre

344 2753 585 2815 iurisdiccionis
616 2745 811 2814 habueritisj
844 2748 1038 2812 interdictas
1079 2768 1138 2810 scu
1174 2747 1314 2820 clausas,
1353 2741 1635 2808 excomunicatisk
1667 2753 1700 2806 et
1731 2763 1791 2806 no·

348 2861 492 2922 minatim
518 2858 699 2920 interdictis
723 2850 887 2932 exclusis,¹
916 2857 1035 2919 dicbus
1059 2855 1234 2918 dominicis
1261 2864 1293 2914 et
1321 2851 1445 2916 festivis
1479 2852 1792 2933 durante'negocio

347 2988 406 3030 vos
430 2968 491 3045 ipsi
516 2965 711 3028 sacerdotes
736 2965 844 3027 divina
873 2962 983 3026 officia
1006 2963 1235 3042 sollempniter
1259 2961 1435 3023 celebretis
1458 2971 1492 3022 et
1515 2960 1695 3043 negocium
1719 2976 1791 3036 pre·

347 3075 472 3136 dictum
497 3072 623 3152 populo
647 3083 757 3134 vestro
789 3070 930 3134 fideliter
962 3072 1149 3150 exponatis.
1190 3067 1421 3150 Indulgencias
1444 3067 1584 3147 predicti
1608 3057 1791 3144 hospitalis,

348 3179 530 3244 secundum
555 3178 646 3260 quod
671 3179 703 3240 in
727 3178 831 3240 literis
855 3178 1049 3257 apostolicis
1072 3187 1106 3239 et
1122 3177 1264 3238 aliorum
1289 3175 1492 3254 prelatorum
1507 3175 1661 3238 videbitis
1685 3176 1791 3234 conti·

346 3289 424 3363 neri,
456 3289 489 3348 in
513 3296 628 3347 nostra
659 3285 795 3362 dyocesi
825 3285 1060 3347 confirmamus
1093 3293 1126 3345 et
1150 3285 1251 3346 etiam
1283 3302 1357 3346 esse
1383 3283 1600 3345 concedimus
1623 3281 1792 3344 valituras.

346 3394 419 3457 Nos
451 3394 537 3455 enim
569 3391 613 3453 de
644 3393 881 3470 omnipotentis
913 3393 967 3454 dei
990 3391 1215 3454 misericordia
1246 3409 1286 3451 ac
1318 3409 1367 3464 ea,
1392 3407 1492 3468 quam
1524 3389 1622 3451 nobis
1653 3388 1790 3450 indulsit

347 3501 510 3576 dominus,
528 3509 704 3577 potestate,
729 3499 892 3574 omnibus
918 3499 975 3579 qui
992 3499 1191 3560 elemosinas
1215 3517 1293 3559 suas
1316 3497 1503 3560 addictum
1528 3497 1702 3577 negocium
1727 3513 1786 3555 seu

347 3608 512 3688 hospitale
537 3607 691 3669 dederint
707 3607 758 3668 vel
774 3625 909 3668 manum
934 3608 1144 3686 porrexerint
1173 3605 1376 3677 adiutricem,
1400 3603 1462 3666 XL
1478 3603 1550 3666 dies
1574 3599 1789 3668 criminalium

347 3727 381 3779 et
403 3735 527 3778 annum
562 3713 735 3776 venialium
771 3713 1028 3776 misericorditer
1063 3713 1282 3794 indulgemus,
1318 3721 1469 3790 preterea
1504 3721 1645 3796 peccata
1678 3709 1790 3786 oblita,

345 3833 424 3886 vota
449 3822 564 3896 fracta,
588 3822 736 3884 offensas
761 3831 892 3902 patrum
917 3830 950 3882 et
974 3830 1115 3882 matrum
1150 3822 1221 3882 sine
1245 3839 1404 3882 manuum
1429 3821 1613 3882 inieccione
1636 3818 1790 3894 violenta,

346 3933 446 3994 etiam
471 3931 514 3994 de
538 3932 644 3992 usuris
668 3940 702 3992 ct
726 3930 848 4008 rapinis
871 3937 904 3990 et
927 3927 999 3990 aliis
1024 3929 1123 3990 rebus
1147 3929 1233 3990 male
1258 3928 1436 4007 acquisitis,
1460 3928 1488 3990 si
1511 3927 1687 4000 nesciatur,
1713 3925 1789 3986 cuim

345 4041 410 4102 sint
434 4038 580 4100 redende
604 4048 637 4098 et
660 4037 703 4098 ad
728 4037 855 4098 dictum
891 4037 1066 4118 negocium
1098 4036 1149 4098 vel
1182 4035 1348 4115 hospitale
1382 4031 1517 4117 (tradite
1542 4029 1687 4116 fuerint),
1714 4040 1788 4094 e0s¹¹

346 4145 603 4208 misericorditer
620 4143 790 4207 reddimus
807 4144 1005 4206 absolutos0.
1031 4144 1171 4222 Insuper
1196 4161 1335 4205 carenas
1357 4143 1521 4206 iniunctas
1544 4142 1595 4204 vel
1618 4142 1790 4222 iniungen-

346 4254 406 4316 das
431 4253 473 4315 de
491 4253 709 4332 oppressione
734 4269 914 4333 puerorum
931 4261 988 4312 aut
1011 4250 1055 4313 de
1071 4251 1273 4314 incendariis
1297 4251 1415 4312 ocultis
1439 4258 1497 4313 aut
1520 4247 1707 4330 sortilegiisr
1730 4257 1789 4310 aut

347 4360 527 4422 homicidia
552 4360 583 4421 in
607 4369 737 4420 secreto
762 4367 945 4436 contracta,
979 4358 1072 4420 side
1097 4358 1237 4420 consilio
1261 4357 1395 4437 plebani
1420 4357 1485 4418 loci
1509 4371 1542 4418 et
1565 4357 1793 4436 procuratoris

345 4467 424 4530 dicti
448 4467 576 4550 negocii
594 4465 759 4529 redimere
775 4466 946 4542 voluerint,
970 4485 1029 4528 eos
1054 4466 1086 4527 in
1105 4469 1242 4528 nomine
1260 4466 1386 4526 domini
1411 4464 1582 4527 reddimus
1606 4463 1791 4526 absolutos.

452 4699 479 4764 a)
499 4694 656 4764 ,hlagutini¹
675 4695 715 4760 ln,
735 4693 911 4764 ,Maguntini‘
930 4693 1003 4761 Kap.
1014 4693 1036 4763 J.
1067 4723 1099 4732 -
1126 4691 1155 4758 b)
1175 4692 1331 4762 ,Magutini‘
1350 4691 1399 4756 ln,
1424 4691 1601 4762 ,Maguntini‘
1622 4690 1694 4757 Kap.
1708 4691 1730 4759 J.
1758 4717 1788 4726 -

346 4787 373 4850 c)
394 4789 463 4848 ‚nos¹
483 4786 530 4846 In,
556 4785 628 4847 ,hos‘
656 4783 729 4852 Kap.
742 4785 764 4852 J.
793 4812 826 4822 -
856 4782 886 4852 d)
906 4783 1093 4847 ,Wilhelmus‘
1122 4783 1195 4849 Kap.
1208 4782 1229 4850 J.
1260 4811 1290 4820 -
1321 4782 1348 4848 e)
1374 4782 1615 4850 ,quibuscunque¹
1645 4780 1693 4842 ln..
1723 4779 1794 4842 ,cui-¹

346 4879 506 4942 uscunque¹
535 4873 607 4940 Kap.
629 4873 652 4943 J.
687 4902 720 4912 —
749 4873 770 4942 s)
799 4873 885 4941 ,quia⁸
912 4873 952 4926 In.
981 4901 1014 4911 -
1043 4875 1072 4940 g)
1100 4871 1311 4934 ,audiendibus⁸
1341 4872 1389 4934 ln..
1415 4871 1587 4933 ,audiendis‘
1614 4868 1689 4936 Kap.
1709 4868 1730 4937 J.
1756 4897 1789 4907 -—

346 4966 377 5030 hl
402 4964 525 5035 ,quibus‘
554 4965 593 5017 ln.
625 4992 657 5000 —
684 4963 704 5030 i)
730 4963 982 5030 ,subdecanorum‘
1011 4961 1058 5025 ln,
1087 4961 1295 5028 ,diaconorum‘
1316 4960 1387 5028 Kap.
1398 4959 1421 5028 J.
1454 4988 1487 5000 -
1514 4959 1536 5027 j)
1564 4958 1715 5022 ,habentis⁸
1740 4956 1791 5020 lm,

345 5055 521 5119 ,habueritis‘
542 5053 614 5120 Kap.
627 5053 649 5121 J.
678 5083 700 5090 -
725 5055 753 5118 k)
778 5052 1079 5116 ,excomunicacionis‘
1099 5051 1138 5103 ln.
1158 5078 1191 5088 —
1211 5051 1230 5120 l)
1244 5051 1393 5115 ‚exclusio‘
1407 5049 1454 5111 ln,
1475 5048 1619 5113 ,exclusis‘
1633 5047 1706 5114 Kap.
1719 5047 1741 5116 J.
1767 5073 1789 5084 -

345 5147 384 5210 m)
405 5145 579 5204 ,nesciantur
598 5145 650 5194 ter'
669 5141 717 5208 ln,
739 5142 895 5203 ,nesciatur
917 5141 1008 5194 cuius*
1028 5139 1099 5208 Kap.
1110 5137 1133 5207 J.
1153 5169 1187 5178 -
1207 5143 1236 5206 n]
1256 5139 1376 5200 ,eas¹ln.
1404 5167 1435 5178 -
1463 5138 1492 5202 o)
1513 5138 1669 5198 ,absolutas
1689 5137 1738 5200 ln.,
1758 5165 1795 5178 -

345 5235 370 5300 r)
389 5233 564 5302 ,sacrilegiis¹
585 5231 657 5298 Kap.
668 5230 691 5300 J.
