4008 5846
943 833 992 896 14.

281 1021 409 1104 Biskup
438 1023 468 1086 T
465 1023 557 1086 obtat
577 1025 665 1086 addai
683 1026 897 1106 poustevm'ky
918 1049 964 1090 sv.
991 1027 1176 1109 Augustino
1199 1048 1243 1090 na
1263 1027 1487 1110 provincidlnz'
1507 1028 1649 1112 kapitula·

242 1150 264 1190 u
295 1129 441 1206 Molzule,
471 1129 532 1212 uby
561 1133 603 1194 do
632 1133 729 1203 svy'clz
760 1134 907 1196 modliteb
933 1135 1042 1216 persalr'
1069 1135 1168 1209 kra'le,
1200 1134 1361 1198 krdlovnu
1391 1157 1412 1198 a
1436 1136 1543 1198 crrkev
1565 1135 1689 1198 leskou.

1088 1381 1192 1466 (1287
1213 1383 1289 1466 bray
1306 1395 1350 1466 po
1374 1385 1396 1448 4
1418 1385 1583 1465 lervenct').

376 1577 565 1658 Episcopus
589 1580 804 1642 commendat
828 1599 939 1662 regem
964 1589 998 1642 et
1022 1563 1178 1662 reginam,
1202 1599 1237 1642 se
1262 1589 1296 1642 et
1312 1600 1391 1642 suos
1408 1581 1562 1642 subditos

769 1705 801 1765 in
826 1708 1002 1768 oraciones
1028 1704 1173 1767 fratrum.

354 1916 613 1980 Venerabilibus
637 1917 713 1980 viris
737 1922 865 1982 sincere
889 1919 921 1980 in
945 1916 1077 1981 Christo
1102 1919 1231 1982 dilectis
1257 1918 1350 1982 fratri
1375 1919 1475 1998 priori
1500 1919 1692 1998 provinciali

244 2034 279 2086 et
310 2025 470 2087 universis
502 2024 655 2087 iratribus
688 2024 936 2088 Heremitarum
962 2025 1087 2088 ordinis
1111 2029 1218 2087 sancti
1242 2024 1420 2108 Augustini
1445 2035 1527 2105 aput
1551 2025 1690 2108 Magun·

244 2133 331 2194 ciam
356 2133 388 2193 in
412 2152 473 2194 suo
499 2133 692 2211 provinciali
717 2133 864 2213 capitulo
889 2133 1077 2196 constitutis
1100 2132 1295 2212 ThJobias)a
1318 2134 1372 2196 dei
1389 2135 1501 2215 gracia
1516 2133 1692 2216 Pragensis

243 2243 425 2319 episcopus
449 2239 590 2302 salutem
615 2250 648 2302 et
672 2241 838 2302 sinceram
863 2241 894 2302 in
919 2241 1056 2303 domino
1082 2242 1264 2304 caritatem.
1297 2240 1348 2302 De
1372 2250 1481 2303 vestre
1507 2241 1694 2303 honestatis

244 2349 459 2427 providencia
483 2343 654 2431 gerentesb
675 2348 919 2411 confidenciam
943 2349 1129 2426 specialem,
1154 2349 1343 2411 venerande
1360 2349 1567 2426 paternitatis
1583 2359 1692 2411 vestre

245 2455 388 2537 collegio
413 2456 655 2535 precordialem
679 2455 852 2518 dominum
878 2467 1027 2519 nostrum
1052 2456 1222 2519 dominum
1249 2450 1516 2538 W(euceslaum)
1541 2455 1690 2518 inclitum

246 2582 359 2645 regem
386 2561 520 2625 Boemie
545 2575 578 2624 et
602 2564 829 2625 marchionem
855 2564 1003 2626 Moravie
1027 2583 1067 2625 ac
1084 2564 1328 2626 serenissimam
1346 2563 1516 2624 dominam
1533 2571 1693 2638 nostram,

245 2671 418 2733 dominam
450 2665 618 2753 Glutam)c
648 2671 965 2734 excellentissimam
998 2671 1146 2755 reginam
1178 2670 1314 2732 Boemie
1347 2680 1380 2732 et
1414 2670 1690 2733 marchionissam

246 2779 405 2854 Moravie,
429 2780 606 2860 coniugem
631 2780 701 2842 eius
726 2781 757 2842 in
782 2774 939 2861 regnumd
969 2789 1002 2842 et
1026 2778 1235 2858 coniugalem
1269 2777 1557 2840 cohabitacionem
1588 2779 1692 2855 ipsius

246 2884 377 2949 favente
402 2885 511 2947 divina
536 2888 648 2968 gracia
672 2885 811 2948 feliciter
835 2888 899 2948 iam
923 2887 1122 2962 traductam,
1146 2904 1275 2965 nosque
1299 2894 1332 2947 et
1349 2885 1524 2946 ecclesiam
1542 2895 1690 2947 nostram

245 3013 323 3056 cum
347 2994 437 3055 clero
462 3002 496 3055 et
520 2994 647 3072 populo
672 2995 769 3056 nobis
794 2993 931 3069 credito,
956 2995 1124 3056 uberrimo
1149 3012 1189 3053 ac
1213 2999 1343 3055 sincero
1376 2992 1693 3054 recommandantes

245 3101 377 3178 affectu,
411 3105 554 3181 petimus
582 3100 747 3163 humiliter
779 3111 812 3163 et
836 3102 967 3176 devote,
991 3111 1156 3180 quatenus
1180 3099 1319 3162 eosdem
1343 3117 1454 3180 regern
1479 3110 1511 3159 et
1535 3101 1692 3180 reginam,

246 3227 309 3271 nos
334 3218 367 3271 et
391 3207 565 3270 ecclesiam
591 3218 738 3270 nostram
763 3228 840 3270 cum
864 3207 999 3288 prelatis
1023 3208 1167 3270 subditis
1190 3207 1313 3269 nostris
1345 3207 1377 3266 in
1409 3207 1690 3268 sanctissimarum

246 3324 430 3377 vestrarum
465 3317 661 3378 oracionum
694 3317 851 3398 suffragia
882 3307 1264 3394 clementer'suscipere
1300 3313 1492 3394 dignemini,
1528 3314 1613 3375 sicut
1648 3313 1692 3375 de

245 3435 355 3484 vestra
387 3423 585 3485 confidimus
617 3422 746 3501 plenius
779 3425 912 3500 pietate,
943 3423 1094 3494 scientes,
1126 3420 1218 3500 quod
1242 3421 1308 3482 hoc
1331 3431 1411 3499 aput
1434 3439 1494 3482 vos
1526 3432 1559 3498 et
1581 3428 1689 3482 totum

243 3529 468 3592 venerabilem
485 3549 525 3591 ac
542 3531 786 3592 sanctissimum
804 3531 954 3591 ordinem
970 3539 1125 3604 vestrum,
1141 3539 1302 3608 quantum
1320 3546 1506 3607 possumus,
1531 3527 1689 3589 affectuo-

245 3639 374 3700 sissime
398 3638 589 3700 curabimus
614 3637 805 3715 promereri.
831 3635 954 3699 Datum
979 3647 1041 3700 etc.

352 3866 413 3920 Fol.
432 3869 458 3918 2¹
478 3865 501 3919 ἔ.
522 3869 565 3929 14,
584 3865 629 3918 tei
648 3881 666 3916 v
680 3866 820 3933 rukopise
840 3867 968 3934 kapituly
989 3865 1112 3919 Praislre
1128 3865 1199 3918 Κ33
1213 3863 1321 3934 (Emler
1339 3863 1397 3916 RB.
1411 3863 1434 3915 ll
1455 3863 1479 3917 t.
1499 3861 1589 3931 2723),
1609 3879 1628 3914 v
1642 3878 1689 3915 ru·

246 3957 349 4024 kopise
369 3955 432 4008 tere
457 3955 588 4023 kapituly
607 3955 622 4024 J
642 3952 688 4008 40l
708 3955 754 4008 sol.
776 3957 835 4007 2⁶5¹
855 3971 872 4008 a
893 3971 909 4005 v
929 3956 1067 4022 rukopise
1095 3955 1314 4008 mnichovslcem
1333 3953 1380 4007 iol.
1402 3957 1454 4006 129
1473 3953 1497 4006 d.
1518 3955 1560 4006 86.
1599 3950 1686 4004 Slova

245 4049 350 4100 tohoto
370 4046 437 4098 listu
463 4045 631 4113 ‘coniugem
656 4046 726 4107 eius,
753 4045 781 4098 in
801 4061 921 4114 regnum
941 4053 970 4097 et
989 4044 1168 4113 coniugalem
1188 4043 1434 4096 cohabitationem
1453 4043 1544 4108 ipsius
1572 4040 1688 4093 favente

246 4137 344 4190 divina
362 4135 459 4204 gracia
477 4135 599 4190 feliciter
618 4135 674 4188 iarn
694 4135 873 4189 traductam«
901 4135 1063 4202 prozrazuji
1084 4133 1159 4203 jestd
1178 4133 1274 4202 dojem
1303 4131 1412 4185 radosti
1439 4131 1496 4184 nad
1523 4131 1688 4198 nedaanm

245 4225 416 4293 phichodem
436 4225 577 4294 kralovny
597 4223 675 4294 Guty
694 4227 733 4279 do
753 4209 839 4278 Cech.
861 4225 948 4278 Proto
966 4224 1099 4292 poloieni
1118 4224 1184 4277 listu
1204 4223 1274 4290 bray
1295 4236 1333 4288 po
1352 4228 1367 4273 4
1388 4220 1521 4274 cervenci
1541 4223 1618 4274 1287.

353 5169 380 5238 a)
399 5169 449 5237 ,Jo‘
471 5170 541 5238 Kap.
562 5169 584 5238 J.
615 5197 645 5208 -
677 5170 707 5222 bt
728 5174 918 5237 ,generantes
939 5167 978 5218 lu.
1008 5195 1040 5204 -
1070 5167 1097 5233 c)
1117 5164 1240 5230 ,Gutam'
1262 5166 1333 5232 Kap.
1352 5166 1374 5234 J.
1404 5193 1436 5201 -
1466 5161 1496 5228 d)
1517 5163 1553 5228 ,in
1580 5162 1687 5230 regiam

243 5259 435 5328 coniugalem·
455 5259 526 5327 Kap.
549 5259 582 5312 K.
