3988 5844
904 397 956 446 205

206 614 408 677 hereditario
443 622 608 693 perpetuo
636 612 887 692 possidendam,
918 612 983 674 hoc
1017 613 1158 690 adiecto,
1189 613 1280 693 quod
1309 614 1408 676 iidem
1434 663 1463 677 ..
1486 623 1520 676 et
1543 663 1549 676 .
1569 622 1592 674 .·
1612 634 1651 675 ac

205 740 322 784 eorum
348 720 489 783 heredes
520 720 564 782 de
596 721 694 784 bonis
725 719 892 801 predictis,
924 719 1084 800 quamdiu
1116 739 1178 782 nos
1209 723 1400 798 vixerimus,
1434 723 1468 783 in
1498 721 1551 784 die
1583 725 1650 784 ani·

205 829 352 890 versario
383 827 488 890 felicis
519 827 768 890 recordacionis
799 827 926 890 domini
957 823 1152 910 ThJobie)¹)
1187 827 1360 908 quondam
1396 830 1505 907 patrui
1540 830 1651 904 nostri,

205 935 377 1015 Pragensis
401 936 569 1015 prepositi,
602 934 796 998 memoriam
825 935 975 996 eiusdem
1012 935 1119 1015 patrui
1143 939 1247 998 nostri
1272 955 1311 998 ac
1335 936 1475 999 aliorum
1501 937 1649 999 omnium

206 1043 455 1123 progenitorum
479 1049 667 1103 nostrorum
692 1041 724 1103 in
748 1041 864 1115 missis,
889 1041 1131 1106 reieccionibus
1155 1042 1369 1106 sacerdotum
1401 1055 1434 1106 et
1465 1063 1650 1124 pauperum

205 1167 245 1210 ac
280 1149 353 1211 aliis
387 1147 645 1211 elemosinarum
680 1145 915 1230 largicionibus
947 1153 1042 1212 annis
1075 1150 1210 1232 singulis
1244 1168 1405 1231 peragere
1438 1152 1650 1214 tenebuntur.

206 1255 385 1337 Postquam
409 1273 489 1317 vero
513 1255 557 1316 de
581 1255 643 1317 bac
660 1255 734 1318 luce
750 1255 1009 1337 migraverimus
1033 1266 1158 1320 extunc
1182 1257 1333 1337 predicta
1357 1258 1469 1319 omnia
1485 1260 1519 1321 in
1536 1267 1651 1322 nostro

205 1363 430 1425 anniversario
454 1382 514 1441 per
538 1365 630 1442 ipsos
654 1361 795 1426 fideliter
827 1374 1036 1446 peragantur.
1072 1363 1192 1427 Testes
1223 1375 1343 1440 autem,
1374 1365 1430 1444 qui
1462 1367 1651 1428 circuicioni

204 1470 387 1533 secundum
403 1470 626 1550 approbatam
649 1479 736 1532 terre
753 1472 1030 1534 consuetudinem
1046 1473 1089 1534 de
1104 1471 1239 1551 speciali
1255 1471 1425 1535 voluntate
1441 1482 1475 1534 et
1491 1472 1650 1534 mandato

205 1588 319 1638 nostro
345 1597 447 1658 per..
473 1571 619 1638 dictumb
641 1577 732 1639 de..
758 1578 895 1640 militem
919 1589 951 1640 et
975 1580 1185 1658 purcravium
1218 1590 1367 1640 nostrum
1398 1581 1429 1641 in
1462 1579 1652 1641 Benessewe

205 1678 315 1746 lactecl
335 1684 561 1760 interfuerunt,
585 1693 662 1746 sunt
686 1685 747 1747 bii:
780 1685 937 1749 dominus
962 1685 1029 1749 Al.e
1053 1705 1128 1750 cum
1156 1685 1224 1748 filio
1249 1680 1330 1748 suof
1355 1694 1436 1748 et..
1461 1697 1543 1748 et..
1567 1696 1649 1748 et..

206 1801 239 1852 et
269 1792 325 1853 alii
366 1810 467 1872 quam
504 1791 616 1870 plures
649 1791 814 1874 fidedigni.
852 1793 888 1854 ln
924 1812 1067 1874 quorum
1104 1794 1253 1855 omnium
1289 1793 1514 1855 testimonium
1551 1801 1651 1874 atque

207 1901 307 1960 robur
339 1918 477 1979 presens
508 1900 668 1979 scriptum
693 1901 763 1962 fieri
788 1909 822 1963 et
845 1901 938 1982 sigilli
971 1903 1075 1964 nostri
1107 1901 1287 1963 munimine
1319 1900 1457 1962 lecimus
1488 1900 1649 1962 roborari.

207 2005 329 2068 Datum
353 2016 416 2068 etc.
442 2005 657 2068 Pontificatus
681 2019 743 2070 etc.

311 2161 371 2217 Fol.
391 2167 425 2216 ⁴6
439 2163 462 2216 d.
476 2167 537 2228 265,
556 2163 602 2218 tei
621 2180 640 2216 v
653 2165 790 2232 rukopise
809 2165 940 2234 kapituly
954 2164 1076 2218 Praiske
1088 2163 1103 2233 J
1116 2161 1162 2216 ⁴0b
1176 2162 1223 2219 sol.
1233 2165 1293 2218 2⁶5.

317 2289 336 2353 ¹)
355 2287 465 2342 Tobias
485 2305 499 2342 z
519 2289 679 2352 Benesova,
711 2289 835 2358 probust
866 2290 992 2360 PraislrJ
1017 2293 1202 2344 1241--1260¹
1233 2287 1365 2356 (Tomek,
1396 2287 1458 2356 Dej.
1490 2305 1525 2340 m.
1557 2286 1647 2356 Prahy

206 2377 268 2429 lst.
293 2379 365 2444 613.)

890 2559 964 2622 266.

207 2698 330 2781 Biskup
366 2699 483 2763 Totius
512 2702 650 2762 uzavz‘rd
681 2722 699 2762 s
728 2700 907 2781 rycltdr'em
935 2700 1130 2781 Pr'emyslem
1161 2700 1309 2762 smlouvu
1332 2723 1349 2762 0
1372 2703 1528 2782 vysaaem'
1548 2705 1647 2763 mlsta

207 2806 369 2869 Pilumni
391 2829 412 2868 a
436 2808 491 2870 vsi
510 2807 630 2884 Brodu,
666 2790 769 2880 Zedic,
805 2806 907 2883 Lanu,
948 2807 1044 2872 Osede
1077 2828 1099 2870 a
1135 2805 1278 2890 Konltop
1303 2807 1438 2888 prdvem
1469 2807 1648 2887 ndmecky'm

558 2936 580 2976 a
603 2937 621 2976 o
644 2917 775 2977 osazenr'
797 2914 845 2976 26
869 2915 947 2976 la'ntl
971 2915 1101 2995 novy'mi
1121 2914 1287 2995 osadm‘ky.

1279 3056 1539 3138 (mo-1291).

658 3201 847 3282 Episcopus
871 3201 960 3263 locat
984 3201 1198 3280 episcopalia.

311 3342 382 3405 Nos
398 3338 594 3424 Th(obias,‘
617 3353 679 3406 etc.
695 3355 811 3407 notum
829 3362 904 3406 esse
920 3343 1073 3404 volumus
1090 3341 1248 3404 universis
1272 3337 1476 3423 (presentem
1493 3344 1647 3424 paginam

202 3447 409 3530 inspecturis)
419 3445 442 3528 l,
466 3451 558 3532 quod
583 3470 644 3513 nos
669 3452 904 3514 condicionem
929 3461 1004 3522 etc,
1030 3447 1140 3511 locum
1164 3448 1298 3511 forense
1322 3449 1447 3512 dictum
1480 3443 1646 3526 Pribramt,

204 3559 235 3620 in
260 3577 325 3637 quo
348 3551 515 3621 XXVlllj
545 3558 631 3620 lanei
661 3559 826 3620 habentur
857 3556 1032 3620 censuales
1056 3566 1089 3618 et
1113 3555 1144 3616 X
1168 3557 1264 3631 lanei,
1296 3559 1351 3636 qui
1376 3575 1434 3634 per
1459 3575 1647 3618 mensuram

203 3675 426 3740 accreverunt,
450 3664 532 3726 etin
549 3665 623 3728 villa
640 3661 755 3728 Br0d¹¹
767 3661 793 3748 ¹)
812 3661 900 3746 111¹s,
921 3665 1013 3739 lanei,
1030 3665 1063 3726 in
1082 3657 1212 3725 Zczicz¹
1242 3659 1331 3744 111¹J,
1343 3671 1365 3698 ¹²¹
1379 3663 1472 3738 lanei,
1496 3667 1597 3725 itemn
1614 3665 1646 3726 in

204 3769 270 3833 Laz
307 3770 369 3832 llll
405 3771 491 3834 lanei
527 3781 560 3834 et
595 3771 753 3852 quartale,
791 3775 823 3833 in
849 3769 974 3834 Ossecz
1000 3770 1061 3833 llll
1086 3778 1143 3833 et⁰
1166 3772 1198 3832 in
1223 3767 1381 3850 Conotop
1408 3770 1452 3832 lll
1477 3771 1647 3851 quartalia,

203 3897 345 3959 quorum
370 3897 527 3941 numerus
555 3879 729 3942 laneorum
753 3880 796 3941 ad
821 3878 938 3941 Lllllt’
960 3879 1075 3940 laneos
1107 3898 1142 3940 se
1170 3879 1329 3956 extendit,
1360 3877 1500 3958 quilibet
1531 3897 1646 3940 eorum

203 3987 377 4048 continens
405 3984 466 4048 LX
490 3987 601 4068 iugera
633 3987 850 4060 strichonum,
882 3985 1116 4048 Premissloniq
1142 3985 1242 4047 iudici
1273 3993 1388 4047 nostro
1419 3985 1543 4048 ibidem
1576 3988 1646 4047 iure

203 4095 375 4155 teutonico
407 4093 599 4172 locavimus,
631 4095 724 4174 quod
758 4094 916 4174 purchret
947 4092 1123 4174 vulgariter
1158 4092 1353 4174 appellatur,
1388 4093 1450 4155 sub
1482 4094 1590 4172 pactis
1613 4101 1647 4154 et

204 4199 458 4262 condicionibus
475 4199 702 4280 infrascriptis,
719 4201 764 4264 ita
782 4199 943 4275 videlicet,
967 4200 1058 4280 quod
1083 4199 1171 4262 idem
1195 4201 1298 4262 iudex
1322 4202 1407 4262 duas
1424 4219 1552 4261 marcas
1567 4201 1646 4276 auri,

203 4325 302 4367 unam
317 4305 447 4368 infesto
469 4309 558 4369 beati
579 4306 728 4389 Georgiil
743 4308 898 4388 proximo
919 4315 952 4368 et
965 4307 1063 4368 aliam
1077 4309 1109 4368 in
1124 4305 1208 4369 lesto
1222 4307 1309 4370 beati
1324 4304 1406 4370 Galli
1421 4327 1481 4385 pro
1495 4307 1646 4368 emcione

203 4415 282 4476 iuris
312 4415 485 4489 teutunici,
521 4416 611 4494 quod
645 4416 838 4494 podaczye·
878 4423 1101 4495 nuncupatur,
1143 4425 1256 4477 nostre
1295 4434 1427 4476 camere
1461 4415 1647 4476 tenebitur¹

309 4605 395 4672 aJ,H.
424 4615 454 4660 et
478 4607 517 4660 B.¹
546 4607 616 4675 Kap.
630 4607 649 4676 J.
685 4635 712 4644 —
747 4608 777 4674 b)
798 4607 957 4670 ,dominum
983 4605 1012 4659 B.
1038 4605 1148 4659 dictum
1174 4605 1260 4658 de..¹
1286 4604 1357 4671 Kap.
1370 4605 1392 4673 J.
1424 4632 1456 4641 -
1488 4609 1515 4667 c)
1544 4605 1646 4658 Scbazi

202 4710 220 4746 v
238 4695 313 4763 Kap.
329 4694 353 4762 J.
374 4724 405 4734 -
427 4697 458 4764 d)
478 4697 601 4763 ,laetam¹
622 4698 661 4749 ln.
689 4725 720 4734 -
747 4698 774 4764 e)
795 4695 845 4761 ,NJ
865 4696 936 4762 Kap.
954 4693 976 4762 J.
1003 4723 1035 4732 -
1055 4693 1077 4760 i)
1097 4694 1185 4759 ,dicto
1206 4694 1244 4746 de
1264 4733 1290 4746 ..
1311 4700 1341 4745 et
1358 4693 1405 4745 alii
1424 4708 1511 4760 quam
1530 4696 1645 4761 plurimi

202 4799 228 4851 p.
248 4785 276 4838 d.
297 4794 326 4837 et
344 4783 374 4837 B.
388 4785 425 4838 de
439 4825 446 4838 .
461 4825 476 4850 .,
495 4785 544 4853 qui
558 4787 762 4840 circuicionem
775 4787 867 4852 ipsam
881 4783 957 4848 iecit,
977 4785 1047 4836 item
1060 4783 1135 4837 filius
1158 4781 1191 4838 G.
1205 4782 1327 4851 predicti
1347 4784 1403 4836 de.
1418 4823 1423 4835 .
1444 4784 1532 4836 etalii
1546 4799 1644 4850 quam-

202 4873 299 4940 plures
317 4871 375 4926 fide
395 4874 482 4943 digni‘
501 4875 576 4941 Kap.
592 4873 615 4942 J.
642 4903 674 4914 -
700 4874 728 4946 g)
750 4875 809 4944 ,Jo.‘
828 4875 902 4942 Kap.
921 4874 944 4944 J.
972 4903 1002 4912 -
1030 4875 1059 4941 h)
1080 4871 1234 4939 Doplneno
1254 4871 1302 4924 dle
1322 4871 1393 4939 Kap.
1414 4871 1435 4941 J.
1456 4901 1490 4911 -
1510 4871 1528 4940 i)
1550 4873 1595 4934 ‚de
1610 4879 1644 4927 ..¹

201 4961 274 5030 Kap.
293 4961 314 5031 J.
344 4991 375 5001 -
403 4964 425 5032 j)
444 4965 507 5024 ,XL
526 4965 583 5019 sint
602 4965 685 5029 lanei,
710 4979 835 5034 quorum
861 4965 963 5018 decem
989 4963 1133 5016 habentur
1152 4961 1312 5015 censuales*
1331 4959 1403 5029 Kap.
1423 4962 1445 5031 J.
1474 4991 1508 5000 —
1537 4965 1567 5025 k)
1586 4964 1645 5029 ,tali

201 5056 337 5120 quatuor*
357 5051 429 5120 Kap.
443 5051 465 5121 J.
485 5083 517 5092 -
533 5055 552 5118 l)
566 5093 587 5116 ,.
600 5055 617 5106 .‘
639 5054 710 5121 Kap.
727 5053 750 5121 J.
769 5081 802 5092 -
823 5051 862 5122 m)
874 5061 1018 5124 ,quatuor‘
1033 5053 1105 5119 Kap.
1117 5052 1139 5120 J.
1160 5081 1193 5090 -
1207 5053 1236 5118 n)
1252 5052 1328 5115 ,item
1341 5079 1372 5090 -
1384 5053 1533 5119 quartalia‘
1548 5053 1646 5106 schazi

202 5157 220 5193 v
239 5141 312 5210 Kap.
331 5141 353 5211 J.
384 5172 415 5180 —
436 5143 466 5212 o)
485 5143 557 5208 ,hac‘
575 5145 615 5198 ln.
638 5173 667 5182 -
690 5147 719 5211 p)
739 5143 850 5209 ,XCVI‘
870 5143 943 5210 Kap.
963 5143 985 5212 J.
1005 5171 1039 5181 -
1058 5140 1088 5209 q)
1109 5141 1249 5205 ,Centum¹
1267 5141 1339 5208 Kap.
1353 5141 1375 5210 J.
1396 5173 1429 5180 --
1450 5148 1473 5208 r)
1493 5157 1523 5204 ,s.
1536 5140 1644 5209 Jacobi‘

201 5230 273 5299 Kap.
292 5231 313 5299 J.
328 5259 362 5271 -
375 5232 401 5298 s)
415 5232 588 5300 ,purkrecht‘
609 5233 679 5300 Kap.
698 5234 720 5302 J.
741 5263 775 5272 —
794 5235 816 5299 t)
837 5235 1032 5294 ,tenebuntur‘
1052 5231 1099 5296 ln,
1119 5232 1281 5296 ,tenebitur¹
1303 5229 1375 5299 Kap.
1389 5231 1411 5300 J.
