3968 5848
891 368 941 415 107

879 635 951 698 134.

197 775 315 857 Br'skup
345 775 374 838 Τ
370 774 461 837 obr'dr‘
492 775 580 838 ddvci
603 774 703 848 karlzr',
735 773 824 855 ktery‘
854 797 887 838 se
918 775 1064 858 dopustil
1090 776 1214 855 vraz'dy
1244 797 1265 836 a
1297 797 1318 838 v
1345 763 1440 838 Rima
1468 774 1635 856 odpuitlnl

197 881 316 958 dosa'll,
340 883 405 959 list,
428 884 517 964 jr‘mrt
539 881 626 945 adda'
649 883 756 962 vlr'r'cz',
788 883 848 963 aby
863 883 918 964 jej
937 903 1017 945 svau
1035 882 1200 965 podporou
1217 882 1358 945 cirra'nili
1377 880 1463 962 pr'ed
1483 881 1636 942 debrotou.

1243 1039 1530 1126 (1279-12903).

242 1185 403 1248 Dominus
428 1189 608 1266 episcopus
633 1187 793 1266 populum
811 1197 906 1271 rogat
931 1207 992 1264 pro
1017 1187 1165 1268 quodam
1190 1187 1385 1266 presbitero,
1411 1188 1466 1266 qui
1492 1185 1592 1248 alium

357 1295 581 1372 presbiterum
605 1293 778 1370 interfecit,
804 1305 838 1356 ut
863 1296 891 1356 ei
916 1313 1035 1356 manus
1060 1294 1238 1356 adiutrices
1262 1295 1477 1374 porrigerent.

298 1453 465 1517 Thobias³
482 1453 537 1516 dei
553 1457 665 1536 gracia
682 1465 745 1516 etc.
762 1457 922 1518 universis
939 1463 1113 1535 presentes
1137 1453 1262 1516 litteras
1278 1455 1476 1533 inspecturis
1500 1454 1638 1516 salutem

202 1565 230 1622 in
245 1562 388 1624 domino
415 1561 588 1637 Noveritis,
613 1562 704 1643 quod
731 1561 772 1623 H.
790 1563 963 1640 presbiter,
988 1540 1401 1642 exhibitor'presencium,
1424 1563 1479 1640 qui
1501 1582 1561 1641 per
1577 1581 1639 1622 nos

203 1670 240 1731 ad
274 1669 460 1732 Romanam
504 1671 629 1731 curiam
675 1681 812 1749 propter
855 1670 1028 1732 homicidii
1064 1677 1201 1743 reatum,
1233 1687 1333 1748 quem
1369 1669 1440 1747 ipse
1474 1669 1638 1731 suadente

204 1775 328 1837 humani
353 1778 483 1858 generis
507 1776 642 1838 inimico
678 1779 888 1856 perpetravit,
913 1796 989 1838 cum
1015 1777 1131 1838 litteris
1156 1777 1278 1837 nostris
1301 1778 1424 1838 missus
1448 1775 1555 1837 iuerat
1579 1793 1639 1854 pro

202 1883 411 1944 absolucione
444 1881 637 1958 obtinenda,
662 1891 762 1962 prout
786 1885 818 1945 in
842 1883 957 1946 litteris
981 1883 1211 1962 penitenciarii
1247 1881 1373 1945 domini
1398 1903 1486 1964 pape
1510 1883 1551 1943 ad
1578 1901 1639 1942 nos

201 2009 253 2068 per
276 1993 383 2065 ipsum
409 1991 588 2069 reportatis
612 1991 754 2053 vidimus
788 1992 958 2066 contineri,
991 1990 1218 2052 absolucionis
1254 2001 1304 2050 est
1328 1989 1525 2052 beneficium
1550 2007 1638 2051 asse·

200 2109 297 2172 cutus,
329 2109 363 2158 et
386 2117 449 2159 nos
480 2099 551 2176 ipsi,
583 2099 668 2160 sicut
699 2098 819 2170 decuit,
858 2098 1082 2178 penitenciam
1116 2097 1319 2158 iniunximus
1350 2096 1539 2159 salutarem.
1588 2095 1639 2158 Ne

200 2214 305 2265 autem
343 2205 506 2282 presbiter
540 2205 610 2284 ipse
646 2214 786 2286 cogatur
821 2207 853 2267 in
886 2204 963 2267 cleri
995 2205 1215 2283 obproprium
1247 2203 1446 2278 mendicare,
1482 2223 1638 2285 rogamus

200 2313 443 2374 universitatem
481 2320 625 2374 vestram
665 2322 698 2374 et
736 2314 910 2375 hortamur
949 2315 981 2375 in
1019 2312 1167 2386 domino,
1206 2313 1238 2373 in
1275 2313 1505 2374 remissionem
1543 2313 1639 2374 vobis

199 2429 379 2480 vestrorum
404 2419 639 2481 nichilominus
656 2420 889 2500 peccaminum
908 2421 1123 2501 iniungentes,
1147 2429 1183 2480 ut
1207 2419 1268 2480 sibi
1293 2438 1408 2481 amore
1431 2414 1502 2481 deib
1521 2439 1640 2482 manus

200 2525 420 2588 misericordie
446 2527 630 2605 porrigatis,
655 2527 764 2607 ipsum
789 2527 874 2587 sicut
898 2527 1062 2588 condecet
1085 2535 1335 2605 pertractantes.
1363 2526 1485 2588 Datum
1509 2535 1570 2589 etc.

300 2699 425 2756 Foi.19¹
450 2700 474 2754 c.
496 2707 556 2764 134,
575 2700 620 2753 tei
646 2717 664 2752 v
689 2702 827 2768 rukopise
853 2701 984 2769 kapituly
1008 2699 1132 2754 Pradske
1155 2698 1169 2767 J
1196 2698 1243 2753 ⁴0b
1262 2699 1308 2752 iol.
1329 2699 1397 2753 257¹.
1431 2697 1456 2752 O
1486 2701 1639 2754 chronolo-

199 2789 305 2856 gickem
325 2790 457 2843 omezeni
476 2791 576 2843 rolrem
597 2794 666 2842 1290
685 2806 762 2843 stov.
782 2790 860 2843 duod
879 2790 903 2843 ll
923 2797 947 2845 3.

884 3132 955 3195 135.
1007 3093 1009 3096 ⁵

200 3274 316 3354 Biskup
346 3275 377 3338 Τ
372 3274 464 3338 obicit
484 3277 674 3358 ustanomcsir
695 3275 858 3338 str'r‘dm'ka
882 3275 923 3338 N.
947 3279 1128 3357 adstupcem
1144 3276 1266 3357 sarrire
1290 3275 1415 3338 Bohude
1437 3296 1458 3337 v
1483 3274 1638 3338 Louneclr.

1247 3432 1530 3515 (1279-12902).

319 3578 487 3641 Dominus
511 3581 692 3658 episcopus
716 3581 967 3643 recommendat
994 3579 1121 3641 civibus
1145 3579 1312 3652 vicarium,
1336 3579 1510 3653 mandans,

768 3696 804 3748 ut
829 3691 858 3750 ei
883 3687 1068 3750 obedirent.

299 3843 497 3930 Th(obias)c
521 3848 575 3909 dei
606 3848 718 3930 gracia
742 3857 803 3910 etc.
836 3849 966 3910 dilectis
991 3849 1022 3911 in
1047 3846 1179 3912 Christo
1204 3849 1284 3922 filiis,
1316 3841 1432 3910 iudicid
1457 3859 1491 3909 et
1514 3847 1638 3908 civibus

199 3955 237 4016 de
260 3955 356 4017 Luna
380 3975 419 4016 ac
445 3955 517 4016 aliis
549 3953 672 4016 Christi
696 3955 852 4018 fidelibus
884 3956 1045 4019 universis
1077 3956 1120 4018 ad
1146 3956 1322 4018 ecclesiam
1348 3953 1572 4035 parochialem
1597 3955 1639 4016 de

197 4061 301 4124 Lunae
318 4065 388 4124 iure
414 4062 596 4142 parochiali
620 4063 849 4142 spectantibus
865 4063 1007 4126 salutem
1031 4064 1063 4127 in
1082 4067 1229 4126 omniurn
1252 4063 1424 4126 salvatore.
1451 4059 1638 4123 Profectum

197 4169 308 4231 salutis
332 4171 517 4232 animarum
536 4183 729 4244 vestrarum,
753 4180 852 4250 prout
876 4170 919 4232 ad
945 4179 1096 4232 nostrum
1120 4179 1251 4248 spectat
1276 4169 1432 4244 officium,
1458 4167 1639 4231 efficaciter

197 4295 391 4355 promovere
408 4276 568 4352 volentes,
594 4278 773 4339 honestum
797 4279 902 4338 virum
928 4269 982 4337 Ns
1004 4276 1235 4355 presbiterum,
1259 4276 1483 4338 exhibitorem
1502 4294 1637 4353 presen-

196 4385 289 4458 cium,
325 4385 484 4446 vicarium
520 4385 699 4459 Bohussii,¹
733 4384 789 4466 qui
826 4387 858 4446 in
893 4381 1022 4463 prefata
1058 4384 1200 4446 ecclesia
1233 4386 1275 4446 de
1309 4377 1421 4444 Luna¹²
1445 4395 1496 4444 est
1529 4394 1639 4445 rector

196 4494 354 4553 canonice
389 4490 566 4567 institutus,
606 4501 746 4569 paterno
785 4493 879 4554 vobis
917 4492 1230 4554 recommendamus
1270 4490 1399 4568 affectu,
1440 4491 1505 4552 hoc
1545 4492 1639 4552 vobis

196 4610 309 4660 tenore
345 4599 553 4677 presencium
590 4598 788 4674 intimantes,
820 4599 911 4679 quod
945 4617 1007 4660 nos
1039 4597 1148 4660 eidem
1180 4597 1312 4672 vicario,
1343 4600 1414 4659 viro
1440 4597 1581 4676 provido
1606 4605 1640 4658 et

196 4705 349 4782 discret0,
382 4708 415 4768 in
447 4706 605 4767 iamdicta
636 4705 785 4782 ecclesia,
817 4706 977 4786 quamdiu
1012 4706 1154 4767 vicarius
1178 4702 1275 4766 luerit
1299 4705 1433 4781 ibidem,
1456 4717 1638 4767 vestrarum

197 4833 306 4875 curam
333 4823 367 4874 et
391 4815 536 4893 regimen
554 4812 653 4892 pleno
679 4813 749 4874 iure
773 4813 1014 4875 committimus
1039 4813 1233 4892 animarum,
1258 4820 1294 4873 ut
1309 4831 1369 4872 vos
1393 4813 1502 4874 eidem
1523 4829 1640 4873 omnes

299 5025 327 5088 a)
347 5023 398 5092 ,Jo‘
418 5023 491 5091 Kap.
505 5023 527 5092 J.
549 5051 580 5061 -
602 5023 630 5089 b)
651 5023 759 5084 ,nostri‘
780 5021 851 5090 Kap.
866 5023 888 5092 J.
909 5052 942 5061 -
962 5022 988 5092 c)
1008 5021 1173 5092 ,Johannes‘
1192 5021 1266 5088 Kap.
1279 5020 1301 5089 J.
1331 5049 1363 5059 -
1393 5020 1423 5086 d)
1443 5019 1483 5084 ‚C.
1503 5021 1590 5074 iudici
1609 5026 1639 5072 et

196 5111 335 5166 universis
370 5112 482 5166 civibus
513 5111 549 5164 de
569 5153 575 5166 .
596 5119 612 5162 .‘
637 5111 709 5179 Kap.
730 5111 752 5178 J.
792 5141 824 5149 —
864 5111 890 5180 e)
916 5111 1018 5165 Schazi
1052 5128 1070 5163 v
1099 5111 1170 5179 Kap.
1190 5109 1211 5178 J.
1250 5139 1283 5148 —
1322 5109 1344 5178 f)
1372 5109 1432 5179 ,Jo.‘
1458 5109 1523 5173 Kap
1554 5111 1576 5178 J.
1609 5139 1635 5148 -

197 5207 222 5270 g)
242 5201 373 5264 ,Rohusii
397 5200 448 5265 In,
467 5201 510 5263 ,Τι
530 5200 600 5269 Kap.
612 5201 634 5269 J.
664 5231 696 5240 -
727 5201 756 5270 h)
777 5241 801 5265 ,.
822 5209 837 5253 .‘
858 5201 929 5268 Kap.
944 5201 965 5270 J.
