3968 5848
1031 425 1082 473 110

330 639 550 720 indigenciam
576 639 674 700 nobis
698 639 747 699 sui
772 640 966 700 monasterii
983 657 1049 700 non
1065 639 1233 700 modicam
1251 639 1282 699 in
1301 657 1443 717 persona
1461 640 1595 717 propria
1612 637 1778 699 humiliter

331 754 365 807 et
377 749 538 807 veraciter
554 725 765 820 declarasset,
778 765 839 807 nos
851 755 918 806 tam
933 748 997 808 sibi
1009 764 1109 825 quarn
1127 745 1330 806 monasterio
1343 764 1405 806 suo
1418 754 1450 806 et
1464 745 1567 824 ipsius
1584 747 1778 807 monasterii

332 855 507 915 conventui
539 861 679 932 paterno
716 855 747 914 in
781 853 843 914 hac
875 864 968 930 parte
1000 855 1249 930 compacientes
1279 853 1408 930 affectu,
1439 861 1476 913 ut
1507 853 1569 932 ipsi
1600 851 1778 913 ecclesiam

332 960 375 1023 de
393 955 582 1040 (Τιιεοοκν)ι
607 961 730 1022 lorensi
747 960 850 1038 opido
878 979 947 1036 suo,
973 964 1004 1022 in
1022 979 1087 1040 qua
1104 960 1166 1038 ipsi
1183 959 1317 1039 plenum
1336 962 1387 1022 ius
1403 960 1556 1020 obtinent
1572 967 1779 1038 patronatus,

332 1067 490 1147 quamdiu
525 1068 675 1146 predicta
707 1087 822 1129 eorum
856 1069 1045 1152 indigencia
1079 1067 1255 1142 duraverit,
1289 1087 1347 1148 per
1379 1066 1520 1148 aliquem
1553 1085 1597 1127 ex
1621 1065 1778 1127 iratribus

333 1175 400 1236 suis
433 1175 474 1235 ad
501 1175 564 1235 hoc
588 1174 758 1252 ydoneum
792 1178 823 1236 in
849 1175 1075 1254 spiritualibus
1109 1183 1142 1236 et
1165 1173 1406 1253 temporalibus
1437 1173 1568 1235 valeant
1598 1192 1779 1253 procurare

333 1301 371 1342 ac
389 1282 488 1342 eriam
512 1283 706 1364 gubernare,
731 1291 912 1358 proventus
929 1285 1033 1359 ipsius
1049 1283 1190 1344 ecclesie
1214 1301 1330 1343 omnes
1347 1281 1391 1341 ad
1407 1281 1582 1344 utilitatem
1607 1281 1778 1360 propriam

333 1401 572 1462 convertentes,
597 1391 845 1450 sustentacione
871 1390 1047 1450 dumtaxat
1070 1389 1155 1450 illius
1179 1388 1288 1450 fratris
1312 1397 1345 1448 et
1369 1389 1532 1460 monachi,
1555 1389 1610 1468 qui
1635 1388 1779 1449 eandem

333 1495 506 1558 ecclesiam
532 1495 644 1557 medio
668 1504 822 1574 tempore
845 1496 888 1556 de
912 1496 1073 1558 mandato
1098 1497 1244 1576 ipsorum
1271 1499 1405 1570 rexerit,
1429 1513 1576 1577 congrua
1600 1504 1777 1568 reservata,

333 1607 532 1665 auctoritate
557 1603 618 1663 sibi
643 1621 709 1681 qua
733 1601 898 1684 fungimur
922 1623 965 1664 ex
990 1611 1081 1664 certa
1105 1604 1245 1665 sciencia
1271 1603 1447 1664 liberaliter
1464 1623 1503 1664 ac
1521 1601 1778 1664 misericorditer

332 1711 549 1792 indulgemus.
591 1709 627 1770 ln
667 1709 759 1771 cuius
798 1719 860 1770 etc.
897 1708 1021 1770 Datum
1060 1719 1122 1770 etc.
1159 1704 1276 1790 (Prage
1317 1729 1345 1769 a.
1382 1709 1413 1771 d.
1453 1706 1776 1772 MCCLXXXVlll⁰

334 1817 381 1880 IV
409 1819 487 1879 ldus
512 1817 618 1892 Mart,
644 1816 759 1896 pontif.
785 1837 813 1877 a.
838 1817 876 1890 X,
901 1815 1013 1878 indict.
1041 1815 1076 1892 l.)

441 1991 501 2044 Fol.
521 1997 555 2044 20
574 1990 597 2043 c.
618 1995 676 2044 139.
715 1989 884 2044 SrovnAnlm
904 2006 918 2042 s
938 1989 987 2042 trs.
1008 1990 1207 2058 nastedujtctm
1228 1992 1342 2052 vidlme¹
1362 1991 1395 2043 ie
1414 1993 1470 2058 jest
1489 1996 1551 2044 toto
1571 1989 1664 2042 druba
1683 1990 1776 2042 listina

333 2098 350 2132 v
364 2082 427 2134 tede
447 2081 603 2134 zalelitosti
617 2095 633 2133 a
648 2079 733 2134 tehol
753 2079 828 2146 data,
849 2079 969 2132 kteroui
982 2080 1088 2145 biskup
1102 2093 1134 2131 se
1147 2081 1245 2134 obraci
1260 2081 1278 2134 k
1292 2081 1457 2148 veiejnosti,
1477 2079 1583 2132 kdelto
1597 2096 1614 2130 v
1627 2078 1776 2147 privilegiu

334 2171 391 2238 pod
413 2171 453 2224 dis
484 2176 534 2222 140
554 2170 640 2222 mluvi
662 2173 679 2223 k
698 2171 815 2235 opatovi
834 2185 852 2222 a
872 2171 1029 2221 konventu.
1049 2170 1102 2224 Dle
1127 2170 1337 2238 nasledujicibo
1363 2169 1431 2223 cisla
1456 2185 1472 2222 a
1497 2170 1593 2238 listiny
1619 2185 1637 2220 u
1663 2167 1776 2220 Emlera

333 2260 399 2328 (RB.
419 2259 442 2312 ll
463 2259 478 2312 d
509 2261 589 2324 1⁴38)
610 2259 755 2327 doplnena
776 2260 868 2312 imena
888 2276 905 2312 a
924 2259 1034 2312 datum.

1021 2567 1092 2627 140.

334 2725 456 2805 Biskup
486 2726 516 2789 Τ
511 2726 602 2788 abidi
622 2727 769 2807 dovoluje
785 2727 915 2802 opatovi
938 2722 1111 2810 (Rackovi)
1128 2747 1148 2786 a
1172 2725 1330 2788 konvenm
1353 2725 1495 2789 klrs'rera
1521 2725 1777 2800 Kladndskalro,

333 2833 393 2914 aby
422 2837 527 2905 svy'rrrr'
555 2835 756 2913 spolubratry
786 2832 951 2895 osaeovali
972 2835 1059 2914 suru
1089 2853 1110 2894 v
1147 2833 1311 2896 Toudkovl
1339 2855 1360 2894 a
1384 2833 1469 2894 broli
1499 2854 1518 2893 a
1542 2835 1578 2894 m'
1600 2831 1708 2894 udr'tele
1736 2843 1778 2914 po

947 2941 1028 3002 debu
1054 2961 1161 3002 nouae.

1163 3103 1193 3164 V
1212 3101 1315 3162 Fruae
1340 3101 1442 3180 (1288
1465 3101 1575 3162 blezen
1602 3102 1667 3177 12)-

447 3261 500 3323 Ad
525 3262 613 3323 idem
638 3263 817 3340 episcopus
841 3262 990 3341 episcopi
1015 3264 1265 3340 predecessoris
1288 3265 1336 3325 sui
1362 3263 1670 3325 confirmacionema

983 3370 1130 3432 ratificat.

441 3524 636 3608 'lbolbiaslb
661 3538 720 3590 etc.
747 3529 998 3592 honorabilibus
1018 3530 1093 3590 viris
1110 3530 1247 3592 domino
1273 3525 1488 3612 (Raczkoni)c
1514 3529 1625 3591 abbati
1649 3533 1779 3609 totique

334 3640 511 3699 conventui
536 3636 725 3697 monasterii
751 3631 1003 3698 Cladrubensisd
1027 3636 1166 3698 salutem
1184 3647 1245 3698 etc.
1273 3637 1468 3700 Honestatis
1491 3649 1598 3698 vestre
1624 3637 1779 3715 precibus

334 3744 487 3818 inclinati,
528 3753 564 3803 ut
601 3743 661 3804 hiis
697 3746 861 3819 inpacatis
895 3743 1103 3820 temporibus
1141 3753 1279 3821 propter
1318 3745 1524 3824 indigencias
1561 3754 1592 3804 et
1628 3743 1780 3807 defectus

334 3850 541 3930 multiplices,
565 3869 650 3930 quos
674 3850 815 3924 habetis,
839 3849 1014 3912 ecclesiam
1039 3851 1265 3930 parochialem
1289 3851 1320 3910 in
1349 3851 1507 3912 Tuscow‘
1531 3851 1652 3913 sorensi
1677 3853 1780 3931 opido

334 3969 453 4034 vestr0,
486 3959 517 4018 in
542 3977 607 4037 qua
632 3957 681 4018 ius
706 3967 902 4036 patronatus
934 3958 1083 4035 plenarie
1116 3959 1157 4019 ad
1183 3977 1242 4020 vos
1266 3968 1404 4036 spectat,
1436 3959 1595 4038 quamdiu
1630 3961 1781 4040 predicte

335 4073 441 4124 vestre
474 4065 658 4145 indigencie
690 4064 882 4125 duraverint
914 4073 946 4124 et
971 4063 1131 4142 defectus,
1162 4085 1221 4145 per
1246 4065 1388 4145 aliquem
1414 4085 1457 4126 ex
1482 4064 1637 4128 iratribus
1665 4069 1780 4128 vestris

334 4172 376 4232 ad
410 4171 473 4232 boc
506 4172 678 4246 ydoneum
709 4171 741 4231 in
774 4171 1001 4249 spiritualibus
1033 4180 1066 4232 et
1089 4173 1329 4251 temporalibus
1361 4193 1542 4251 procurare
1576 4175 1710 4250 possitis
1741 4193 1780 4236 ac

333 4281 433 4339 etiam
465 4279 660 4358 gubernare,
692 4287 873 4357 proventus
906 4281 1008 4358 ipsius
1041 4280 1182 4342 ecclesie
1214 4291 1322 4340 vestre
1355 4281 1397 4341 ad
1430 4281 1604 4342 utilitatem
1637 4293 1780 4343 vestram

334 4403 451 4446 omnes
467 4385 614 4466 singulos
632 4394 870 4460 convertentes,
895 4387 998 4466 ipsius
1015 4386 1123 4448 fratris
1140 4397 1172 4448 et
1189 4387 1354 4462 monachi,
1372 4389 1426 4466 qui
1445 4389 1587 4450 candem
1605 4389 1781 4452 ecclesiam

335 4492 375 4554 de
401 4494 559 4554 mandato
584 4501 692 4554 vestro
716 4494 828 4554 medio
853 4505 1004 4572 tempore
1021 4497 1153 4568 rexerit,
1178 4497 1423 4557 sustentacione
1440 4515 1587 4576 congrua
1604 4505 1781 4570 reservata,

334 4600 377 4661 ad
402 4594 517 4662 instars
538 4599 699 4678 Johaunis
717 4602 803 4663 bone
821 4601 980 4663 memorie
998 4603 1245 4681 predecessoris
1263 4603 1366 4664 nostri
1384 4606 1584 4664 auctoritate
1604 4604 1698 4664 vobis
1715 4623 1782 4683 qua

333 4705 500 4788 fungimur
531 4727 576 4768 ex
600 4717 690 4770 certa
715 4711 857 4770 sciencia
891 4707 1070 4771 liberaliter
1103 4729 1142 4770 ac
1167 4709 1426 4772 misericorditer
1450 4709 1659 4792 indulgemus
1683 4709 1782 4774 salvis

334 4815 455 4876 nostris
472 4822 506 4876 et
522 4814 834 4877 archidiaconorum
851 4825 1042 4879 nostrorum
1055 4817 1180 4880 iuribus
1194 4837 1232 4878 ac
1246 4837 1296 4892 eo,
1313 4817 1405 4898 quod
1422 4816 1584 4895 plebanus
1601 4817 1781 4898 legittimus

333 4923 400 4983 sive
425 4931 533 4982 rector
557 4921 599 4982 de
625 4919 812 5004 (Tuscow)g
836 4923 976 4986 ecclesie
1001 4926 1201 5004 supradicte,
1226 4929 1252 4987 si
1270 4929 1343 5004 quis
1360 4945 1448 4986 nunc
1473 4924 1597 4987 ibidem
1622 4925 1782 5000 consistit,

440 5167 467 5233 a)
489 5167 733 5230 ,confirmacione‘
753 5169 791 5221 ln.
814 5197 844 5206 -
866 5169 895 5236 b)
916 5169 1081 5236 ‚Johannes‘
1102 5170 1174 5236 Kap.
1187 5171 1209 5238 J.
1232 5197 1261 5206 —
1284 5173 1311 5236 c)
1332 5170 1370 5230 ‚B‘
1384 5171 1457 5236 Kap.
1471 5167 1494 5236 J.
1510 5199 1543 5208 -
1564 5171 1594 5236 d)
1615 5176 1648 5232 ,c‘
1668 5171 1738 5238 Kap⁴
1761 5173 1784 5240 J.

335 5285 366 5293 -
388 5255 414 5322 el
434 5297 454 5319 ,.
469 5259 483 5310 .‘
505 5256 576 5324 Kap.
594 5257 616 5325 J.
643 5287 676 5296 -
697 5257 719 5322 i)
740 5259 784 5320 ,de
804 5258 902 5312 instar·
923 5259 971 5320 ln,
992 5259 1037 5322 ,ad
1057 5261 1155 5312 instar‘
1177 5259 1247 5324 Kap.
1268 5258 1290 5326 J.
1319 5287 1347 5297 —
1370 5261 1398 5326 g)
1420 5299 1438 5322 ,.
1454 5265 1468 5312 .‘
1489 5259 1527 5313 ln.
1547 5259 1555 5310 i
1577 5261 1648 5328 Kap.
1661 5259 1683 5328 J.
