3968 5848
875 432 925 479 1⁴3

183 647 460 730 peregrinacionis
492 655 665 723 assumpto
699 648 885 725 proposito,
917 644 1067 706 altissimi
1092 663 1127 706 se
1152 645 1273 706 devote
1306 645 1446 722 exponit
1470 648 1626 722 serviciis,

184 755 376 817 militaturus
397 753 505 816 eidem
524 753 556 813 in
572 753 724 832 partibus
743 754 973 814 transmarinis
993 771 1055 831 pro
1075 735 1212 813 suorum
1233 751 1382 814 remedio
1399 763 1626 830 peccatorum.

184 861 367 941 Eaproptcr
398 861 442 922 de
473 868 530 922 tue
564 859 680 921 conlisi
720 859 880 921 sincerius
912 859 1162 921 exhuberancia
1194 859 1348 934 caritatis,
1372 859 1540 923 honestati
1570 873 1626 924 tue

184 969 342 1052 regiarum
374 987 510 1048 precum
544 967 717 1029 offerimus
748 967 906 1028 libamina
939 966 1155 1040 confidenter,
1179 975 1343 1045 quatenus
1367 967 1475 1046 ipsum
1504 971 1627 1031 amoris

183 1079 281 1139 nostri
305 1077 427 1139 affectu
453 1075 508 1155 pio
533 1073 690 1154 prosequi
710 1085 744 1136 et
765 1074 908 1156 benigno
933 1073 1053 1150 lavore,
1074 1073 1213 1134 consilio
1231 1084 1264 1134 et
1280 1073 1405 1135 auxilio
1430 1092 1627 1152 promovere

183 1204 221 1246 ac
243 1184 383 1267 dirigere
408 1186 441 1244 in
465 1181 593 1244 eisdem
625 1181 771 1243 serviciis
795 1191 829 1243 et
852 1180 990 1262 agendis
1021 1181 1125 1260 ipsius
1157 1180 1374 1242 amicabiliter
1404 1189 1460 1242 tue
1489 1183 1626 1246 circum·

184 1285 332 1370 speccio‘
358 1290 572 1371 providencie
596 1309 664 1351 non
690 1301 831 1352 recuset.
857 1289 982 1350 Datum
1007 1301 1071 1350 etc.

286 1463 347 1518 Fol.
367 1467 402 1517 28
421 1463 445 1518 ὂ,
466 1467 526 1524 181,
546 1461 592 1516 tei
612 1478 629 1515 v
649 1463 788 1530 rukopise
808 1462 939 1530 kapituly
959 1461 1083 1515 Pralske
1096 1462 1111 1531 J
1124 1459 1171 1515 40b
1191 1461 1237 1515 sol.
1258 1466 1327 1516 263¹.
1361 1463 1423 1516 List
1441 1471 1523 1518 tento
1543 1481 1560 1518 a
1579 1467 1627 1519 nd·

185 1555 313 1624 sledujici
331 1553 453 1621 pochazi
473 1551 724 1620 pravdepodobne
744 1559 845 1620 teprve
865 1567 880 1603 z
900 1551 979 1620 doby
999 1567 1036 1619 po
1056 1553 1134 1619 padu
1154 1551 1254 1604 Zarvise
1273 1553 1506 1622 zFatkensteJna
1524 1570 1541 1608 a
1558 1554 1627 1623 Jeho

129 1709 134 1720 .
183 1643 439 1712 protihabsburslre
457 1643 585 1710 politiky.
605 1642 715 1708 Biskup
728 1639 846 1704 Tonas,
860 1641 957 1694 hlavni
976 1656 1066 1708 opora
1081 1641 1228 1695 rakouske
1241 1642 1370 1712 politiky,
1391 1643 1540 1713 uplatliuje
1559 1660 1626 1698 zase

185 1730 243 1804 svirj
267 1735 325 1786 vliv
352 1749 370 1785 u
389 1731 480 1785 dvora
507 1747 524 1786 a
548 1726 707 1784 nezirstAva
730 1731 796 1798 jiste
821 1730 875 1782 bez
901 1731 1028 1798 odmeny
1054 1731 1132 1783 krale
1158 1730 1293 1786 Rudols.
1331 1732 1476 1786 Plimluvu
1501 1742 1566 1786 tuto
1591 1749 1628 1788 ve

186 1823 324 1890 prospech
350 1822 514 1888 biskupova
540 1835 668 1890 synovce
700 1821 743 1874 lae
774 1821 913 1888 polrladat
944 1836 977 1872 za
1008 1822 1116 1890 takovJ
1148 1817 1256 1888 priilraz
1298 1822 1405 1876 milosti
1442 1839 1475 1876 aa
1505 1824 1626 1892 nepopi-

185 1913 289 1965 ratelne
309 1911 427 1979 zasluhy
446 1910 613 1980 biskupovy
633 1927 651 1964 o
671 1911 724 1963 rod
742 1909 944 1978 Habsbursky.
965 1907 991 1962 O
1011 1909 1267 1978 chronologietrem
1287 1912 1418 1965 omezenl
1436 1913 1627 1968 rolrem1290

185 2017 258 2054 srov.
277 2001 355 2054 rivod
375 2001 401 2053 ll
420 2006 446 2055 3-

865 2307 937 2369 182.

236 2469 359 2552 Biskup
389 2468 503 2532 Tobia‘l
525 2469 719 2550 doporuluje
742 2468 941 2530 velmistrovi
970 2466 1139 2547 Templa'r'ri
1163 2485 1298 2546 synowe
1320 2467 1415 2529 svdho
1446 2465 1576 2530 Tobia'le

797 2597 817 2634 a
840 2576 1013 2638 Beneiova.

1237 2678 1518 2763 (1288-12902).

300 2846 488 2925 Episcopus
513 2853 609 2927 rogat
632 2843 782 2907 similiter
806 2862 867 2921 pro
893 2843 995 2906 milite
1020 2845 1211 2925 magistrum
1237 2843 1354 2904 milicie
1378 2842 1503 2922 templi.

290 3007 467 3088 Religioso‚
494 3005 680 3068 honorabili
706 3013 740 3067 et
764 3005 889 3067 devoto
921 3005 990 3065 viro
1015 3003 1129 3066 fratri.
1149 2997 1183 3080 ,ἢ
1208 3023 1338 3066 summo
1363 3004 1485 3066 domus
1509 3005 1627 3067 milicie

186 3115 296 3194 templi
311 3115 479 3196 magistro,
504 3109 698 3194 ThlobiasJ0
724 3111 778 3173 dei
806 3113 917 3194 gracia
942 3111 1116 3193 Pragensis
1141 3113 1319 3191 episcopus
1343 3111 1484 3174 salutem
1508 3123 1541 3174 et
1564 3114 1626 3174 sin·

187 3242 292 3285 ceram
317 3223 350 3282 in
375 3221 513 3283 domino
531 3221 710 3282 caritatem.
737 3218 833 3299 Quos
857 3239 952 3281 amor
972 3219 1102 3281 divinus
1126 3219 1167 3280 ad
1186 3219 1352 3281 bonorum
1369 3238 1508 3300 operum
1533 3239 1626 3282 exer-

187 3331 299 3392 cicium
325 3339 488 3409 provocat
512 3340 545 3391 et
568 3327 702 3400 inducit,
726 3337 820 3388 tanto
845 3334 922 3388 sunt
948 3326 990 3388 hii
1016 3329 1047 3386 in
1073 3345 1134 3387 suo
1151 3325 1276 3388 salubri
1300 3328 1476 3406 proposito
1500 3329 1628 3388 sincere

187 3438 333 3499 caritatis
357 3437 588 3498 benivolencia
612 3435 747 3498 uberius
773 3432 983 3508 confovendi,
1015 3442 1141 3514 quanto
1174 3435 1279 3514 magis
1304 3451 1363 3512 per
1387 3433 1420 3495 id
1445 3435 1628 3496 maiestatis

187 3543 294 3606 divine
330 3544 497 3624 mitigatur
533 3543 660 3604 offensa
697 3543 738 3603 ad
764 3543 867 3620 ipsius
903 3541 1153 3603 misericordem
1190 3559 1252 3620 pro
1288 3541 1474 3603 commissis
1497 3543 1627 3603 veniam

185 3650 465 3731 consequendam.
506 3649 588 3712 lnde
612 3659 672 3725 est,
696 3650 799 3730 quod,
823 3669 898 3710 cum
924 3648 1043 3710 nobilis
1075 3651 1122 3710 vir
1146 3649 1302 3710 dominus
1326 3641 1495 3710 Thobiasd
1519 3648 1628 3710 dictus

186 3758 226 3821 de
250 3751 437 3832 Benesow⁶‚
470 3756 633 3820 fratruelis
665 3767 778 3819 noster
811 3769 844 3818 et
875 3758 1144 3837 consanguineus
1176 3755 1325 3832 dilectus,
1357 3755 1450 3816 miles
1474 3765 1628 3817 strenuus

186 3866 383 3929 serenissimi
410 3865 535 3926 domini
567 3865 672 3927 nostri
697 3863 899 3942 Wencezlay
932 3863 1065 3924 illustris
1098 3865 1184 3944 regis
1209 3863 1346 3924 Boemie
1370 3875 1403 3924 et
1427 3863 1629 3925 marchionis

188 3972 342 4050 Moravie,
366 3973 537 4034 exhibitor
553 3972 772 4049 presencium,
797 3971 930 4033 salubre
960 3971 1240 4052 peregrinacionis
1270 3971 1478 4049 propositum
1504 3989 1630 4031 assum·

186 4084 285 4159 pserit
301 4095 334 4142 et
351 4080 518 4154 devotum,
544 4074 721 4159 altissimii)
739 4099 775 4139 se
794 4080 846 4158 pie
871 4099 910 4141 ac
928 4078 1093 4140 humiliter
1109 4097 1283 4156 exponens
1306 4077 1474 4156 obsequiis
1499 4077 1531 4138 in
1556 4095 1629 4154 par·

185 4189 271 4250 tibus
294 4187 522 4250 transmarinis
554 4186 597 4248 ad
622 4187 876 4248 strennuitatem
909 4186 1029 4247 milicie
1054 4187 1188 4265 proprie
1220 4203 1280 4262 pro
1312 4184 1413 4263 ipsius
1439 4185 1572 4245 nomine
1597 4193 1630 4246 et

186 4314 321 4358 suorum
345 4294 495 4356 remedio
519 4303 744 4372 peccatorum,
763 4304 887 4374 quanto
905 4292 1022 4354 melius
1047 4303 1080 4355 et
1103 4292 1214 4354 utilius
1238 4294 1369 4370 poterit¹
1394 4290 1628 4364 exercendam,

186 4402 369 4465 honestatis
403 4411 511 4463 vestre
543 4402 805 4464 benivolenciam
841 4400 1037 4463 fiducialiter
1073 4401 1162 4462 omni
1198 4416 1333 4477 precum
1370 4401 1531 4460 instancia
1563 4417 1628 4478 qua

185 4528 362 4588 possumus
386 4527 575 4582 exoramus,
600 4519 765 4588 quatenus
781 4507 890 4570 eidem
915 4507 1006 4569 militi
1030 4510 1062 4568 in
1087 4507 1154 4568 suis
1178 4516 1211 4567 et
1227 4525 1365 4568 suorum
1387 4505 1524 4584 agendis
1546 4514 1629 4566 tam⁰

187 4615 334 4679 felicibus
358 4624 458 4695 atque
482 4615 544 4692 piis
568 4635 627 4693 per
650 4635 709 4677 vos
734 4624 767 4675 et
791 4625 919 4677 vestros
943 4614 1055 4676 divine
1080 4613 1359 4676 remuneracionis
1383 4622 1417 4674 et
1440 4621 1628 4674 nostrarum

187 4742 322 4803 precum
355 4724 474 4784 intuitu
498 4721 609 4784 taliter
641 4723 761 4784 adesse
794 4722 974 4804 dignemini
999 4732 1032 4783 et
1056 4721 1218 4798 prodesse
1243 4715 1408 4800 auxi(li)0,
1433 4719 1572 4782 consilio
1597 4729 1630 4780 et

186 4828 307 4908 lavore,
332 4829 424 4910 quod
449 4832 520 4908 ipse
544 4830 635 4909 apud
660 4849 720 4891 vos
752 4847 868 4908 preces
897 4837 1029 4890 nostras
1054 4829 1115 4891 sibi
1141 4827 1267 4890 senciat
1292 4825 1465 4904 proluisse.
1491 4825 1630 4907 Nosque

186 4940 278 5001 vobis
303 4937 445 5018 proinde
470 4957 545 4998 cum
571 4939 755 5018 graciarum
783 4937 977 4998 accionibus
1002 4945 1036 4998 et
1059 4936 1119 4998 toti
1144 4935 1253 4997 ordini
1277 4944 1387 4996 vestro
1412 4953 1451 4995 ac
1475 4933 1632 4996 fratribus

182 5211 184 5216 .
291 5183 319 5253 a)
344 5185 570 5250 ,circumspecte‘
597 5182 645 5244 ln„
665 5181 909 5248 ,circumspeccio‘
929 5181 1001 5248 Kap.
1014 5181 1037 5250 J.
1056 5209 1089 5218 -
1110 5181 1139 5246 b)
1160 5178 1203 5245 ,G‘
1229 5179 1302 5248 Kap.
1316 5180 1338 5250 J.
1359 5207 1391 5218 -
1411 5181 1438 5244 c)
1458 5179 1508 5248 ‚Jo‘
1522 5177 1592 5245 Kap.
1606 5176 1628 5244 J.

186 5273 215 5338 d)
235 5271 339 5326 Schazi
358 5289 375 5326 v
395 5273 465 5340 Kap.
482 5271 500 5328 l.
523 5303 553 5310 -
575 5271 601 5340 e)
621 5281 689 5338 ,tam
709 5277 749 5324 se‘
769 5271 807 5324 ln.
1575 5287 1577 5290 ·
