3968 5848
1029 351 1079 398 114

331 563 502 642 compleri,
541 571 578 624 ut
616 573 649 624 et
688 562 883 625 devocionis
921 563 1092 624 sinceritas
1130 562 1342 625 laudabiliter
1381 565 1544 625 enitescat
1583 571 1616 623 et
1656 562 1779 622 utilitas

331 671 499 750 postulata
534 673 619 732 vires
653 670 902 733 indubitanter⁸
933 680 1089 732 assumat.
1137 670 1327 750 Eapropter
1363 680 1480 732 notum
1515 689 1589 731 esse
1624 671 1778 730 volumus

331 778 489 839 universis
513 786 581 840 tam
607 777 818 854 presentibus
850 796 953 856 quam
983 775 1110 851 futuris
1135 776 1226 857 quod
1259 797 1322 838 nos
1350 778 1392 838 ad
1419 797 1537 855 preces
1561 786 1595 838 et
1618 778 1777 837 devotam

331 884 523 946 instanciam
558 883 775 962 precordialis
815 885 939 946 domini
979 885 1094 958 nostri,
1129 883 1256 945 domini
1292 879 1514 964 W(enceslai)
1555 884 1656 946 incliti
1692 885 1777 964 regis

331 991 490 1053 Bohemie
526 1000 559 1052 et
594 991 795 1053 marchionis
831 991 987 1064 Moravie,
1022 991 1247 1053 donacionem
1287 991 1480 1072 legittimam
1516 1000 1550 1052 et
1585 989 1776 1069 perlectam,

330 1118 428 1178 quam
455 1101 525 1173 ipse
549 1098 697 1159 honestis
714 1107 747 1158 et
764 1082 925 1179 religiosis
949 1098 1025 1159 viris
1049 1099 1156 1178 priori,
1181 1100 1339 1180 magistro
1364 1110 1397 1158 et
1422 1097 1579 1172 iratribus
1604 1097 1777 1174 hospitalis

329 1207 432 1267 sancti
466 1205 636 1267 Francisci
666 1207 699 1266 in
731 1206 818 1283 pede
850 1207 960 1284 pontis
991 1205 1167 1288 Pragensis
1201 1203 1371 1268 cruciferis
1408 1206 1535 1267 ordinis
1566 1204 1774 1266 stellatorum

330 1313 459 1390 pietatis
483 1314 602 1374 intuitu
628 1312 669 1372 de
686 1330 825 1373 assensu
851 1323 967 1374 nostro
991 1311 1108 1374 fecisse
1133 1314 1339 1394 dignoscitur
1364 1332 1409 1374 ex
1433 1332 1534 1374 causa
1558 1312 1775 1372 saluberrima

329 1428 362 1480 et
393 1420 541 1492 honesta,
572 1420 615 1480 de
647 1414 824 1480 Retvniczb
855 1421 1027 1482 matricem
1061 1421 1235 1482 ecclesiam
1270 1435 1302 1482 et
1339 1420 1381 1482 de
1405 1413 1702 1494 Wodislawiczb1)
1735 1438 1774 1478 ac

330 1526 523 1588 Hodoniczc
538 1527 569 1605 (l)
587 1527 755 1600 ecclesias,
779 1527 930 1588 eiusdem
947 1527 988 1588 de
1006 1526 1178 1590 Rewniczc
1193 1528 1335 1589 ecclesie
1351 1527 1444 1600 filias,
1461 1541 1493 1588 et
1511 1529 1561 1588 ius
1578 1536 1774 1605 patronatus

326 1637 472 1714 ipsarum
499 1654 576 1696 cum
601 1638 744 1714 pascuis,
768 1637 881 1714 pratis,
902 1636 996 1715 agris,
1021 1636 1125 1715 aquis,
1143 1635 1387 1714 piscacionibus
1411 1646 1443 1696 et
1468 1635 1624 1696 omnibus
1648 1634 1775 1694 iuribus

328 1753 361 1802 et
386 1743 485 1804 rebus
510 1742 583 1804 aliis
608 1744 863 1822 quibuscunque
886 1755 955 1803 tam
980 1742 1161 1804 mobilibus
1185 1761 1286 1822 quam
1315 1743 1543 1804 immobilibus
1567 1742 1609 1801 ad
1635 1741 1773 1801 easdem

328 1850 487 1912 ecclesias
525 1849 774 1927 pertinentibus,
813 1869 873 1929 pro
913 1870 1048 1912 suorum
1090 1861 1122 1911 et
1159 1849 1263 1913 lelicis
1311 1851 1561 1912 recordacionis
1601 1841 1774 1928 (domini)d

331 1952 548 2037 W(enceslai)
581 1959 633 2018 avi
664 1957 724 2034 sui,
748 1957 919 2036 quondam
952 1959 1038 2039 regis
1063 1957 1229 2034 Bohemie,
1263 1966 1479 2037 peccatorum
1513 1955 1663 2018 remedio
1696 1973 1772 2014 con·

327 2062 465 2126 serendo
490 2073 523 2125 et
547 2064 780 2138 donacionem,
803 2083 903 2144 quam
928 2065 960 2126 in
987 2066 1051 2127 hoc
1077 2086 1155 2127 casu
1181 2067 1270 2128 idem
1295 2085 1376 2128 avus
1408 2084 1488 2126 suus
1518 2061 1672 2142 hospitali
1698 2060 1774 2122 fecit

326 2173 477 2248 predicto
502 2191 563 2232 suo
588 2172 724 2250 proprio
748 2171 927 2254 privilegio,
951 2173 1153 2247 innovand0,
1179 2172 1479 2234 ratihabicioueme
1501 2189 1636 2250 quoque
1662 2167 1771 2230 excel-

325 2278 507 2341 lentissime
538 2277 672 2340 domine
697 2273 829 2359 G(ute)c
853 2281 964 2360 regine
988 2279 1148 2342 Bohemie
1177 2291 1211 2342 et
1235 2281 1475 2341 marchionisse
1502 2277 1658 2352 Moravie,
1691 2293 1773 2337 con-

326 2387 409 2467 iugis
431 2385 570 2463 predicti
596 2385 720 2446 domini
746 2387 842 2466 regis,
860 2405 919 2464 per
939 2406 1013 2448 eam
1030 2389 1060 2446 in
1082 2387 1146 2448 hac
1166 2387 1354 2449 donacione
1379 2385 1566 2464 specialiter
1586 2384 1771 2445 adhibitam

326 2493 368 2554 de
400 2493 489 2554 bona
521 2495 625 2572 ipsius
657 2494 710 2572 pia
742 2493 845 2554 libera
871 2503 903 2554 et
927 2505 1114 2570 spontanea
1146 2493 1325 2566 voluntate,
1350 2492 1596 2555 honorabilium
1627 2493 1771 2552 virorum

326 2601 447 2660 domini
472 2597 620 2682 Wl(rici)
653 2602 824 2680 prepositi,
851 2601 997 2678 magistri
1022 2595 1218 2683 G(regorii)s
1252 2600 1370 2662 decani
1402 2603 1572 2680 totiusque
1599 2597 1772 2680 Pragensis

325 2707 465 2768 ecclesie
485 2717 597 2768 nostre
618 2706 753 2787 capituli
773 2711 908 2769 comuni
926 2717 959 2769 et
976 2711 1122 2770 unanimi
1147 2709 1330 2770 accedente
1350 2727 1452 2787 super
1473 2709 1537 2768 hoc
1554 2705 1772 2768 connivencia

325 2825 358 2875 et
389 2833 536 2890 assensu,
569 2817 768 2875 auctoritate
801 2833 865 2894 qua
898 2813 1064 2896 fungimur
1096 2837 1140 2877 ex
1172 2827 1262 2877 certa
1294 2817 1437 2878 sciencia
1471 2814 1707 2876 confirmamus
1739 2821 1771 2872 et

325 2923 488 3000 presentis
512 2921 625 2998 scripti
651 2921 836 2998 patrocinio
861 2925 1114 2996 communimus,
1138 2924 1182 2984 ita
1206 2933 1242 2984 ut
1266 2921 1394 3001 prefate
1426 2921 1565 2983 ecclesie
1597 2939 1715 2982 omnes
1739 2926 1772 2978 et

325 3029 450 3108 singule
482 3047 557 3089 cum
590 3028 745 3090 omnibus
777 3031 846 3089 suis
879 3029 1090 3107 pertinenciis
1115 3030 1157 3091 ad
1182 3049 1262 3092 usus
1285 3030 1490 3091 infirmorum
1523 3039 1555 3090 et
1584 3044 1769 3106 pauperum

326 3133 481 3210 hospitali
507 3133 680 3211 prehabito
705 3135 874 3214 deputate,
900 3145 998 3213 prout
1023 3138 1055 3197 in
1082 3137 1253 3219 privilegio
1279 3139 1368 3218 regio
1401 3157 1500 3216 super
1525 3136 1589 3196 hoc
1614 3132 1770 3195 conlecto

325 3241 453 3319 plenius
478 3243 675 3318 continetur,
698 3242 740 3302 ad
775 3243 929 3322 priorem,
954 3245 1148 3322 magistrum
1181 3255 1214 3306 et
1246 3243 1363 3306 fratres
1395 3245 1565 3323 predictos
1589 3261 1628 3302 ac
1654 3260 1768 3302 eorum

325 3349 487 3426 hospitale
526 3349 730 3424 iamdictum,
776 3348 868 3411 salvo
909 3352 978 3411 iure
1019 3352 1217 3414 obediencie
1257 3363 1291 3412 et
1329 3351 1399 3414 aliis
1438 3351 1560 3412 nostris
1595 3359 1628 3410 et
1664 3347 1769 3409 archi-

324 3456 544 3517 diaconorum
567 3466 756 3518 nostrorum
782 3457 916 3530 iuribus
942 3475 1007 3537 que
1032 3469 1178 3520 rectores
1203 3459 1420 3521 ecclesiarum
1445 3459 1591 3536 ipsarum
1616 3457 1713 3518 nobis
1737 3465 1770 3515 et

323 3563 403 3641 ipsis
427 3562 587 3624 exhibere
611 3571 775 3638 tenentur,
800 3583 838 3624 ac
859 3563 1099 3641 episcopalium
1118 3565 1323 3628 decimarum
1348 3577 1534 3628 nostrarum
1559 3565 1769 3644 prestacione

324 3669 471 3748 plenaria
496 3671 538 3731 de
562 3670 712 3750 quolibet
735 3668 827 3732 lumo
853 3691 911 3750 per
937 3671 983 3732 Vl
1005 3673 1171 3747 denarios,
1195 3675 1365 3754 perpetuis
1389 3674 1536 3734 debentss
1558 3671 1769 3748 temporibus

324 3775 496 3853 pertinere,
513 3777 650 3856 prefatis
667 3779 851 3840 rectoribus
865 3778 1076 3841 ecclesiarum
1090 3780 1293 3856 earumdem,
1314 3784 1370 3860 qui
1388 3801 1448 3860 pro
1465 3794 1618 3858 tempore
1640 3777 1768 3850 luerint,

323 3883 571 3944 sustentacione
596 3901 742 3965 congrua
768 3894 941 3947 reservata.
986 3885 1075 3947 Nulli
1100 3906 1180 3967 ergo
1204 3889 1341 3949 omnino
1367 3889 1537 3950 hominum
1563 3885 1659 3947 liceat
1686 3886 1769 3946 hanc

323 4001 436 4052 nostre
461 3989 729 4052 confirmacionis
755 3994 909 4072 paginam
938 3991 1115 4074 infringere
1140 4003 1198 4056 aut
1221 3997 1250 4056 ei
1275 4014 1358 4056 ausu
1389 3995 1566 4057 temerario
1591 3995 1769 4054 contraire.

322 4095 356 4160 Si
381 4101 456 4178 quis
487 4107 598 4158 autem
631 4099 832 4160 contrarium
864 4109 1063 4178 attemptare
1094 4103 1342 4180 presumpserit,
1366 4103 1635 4183 indignacionem
1665 4098 1768 4160 omni·

322 4207 467 4284 potentis
492 4205 544 4266 dei
569 4215 603 4268 et
627 4207 801 4268 beatorum
821 4205 910 4280 Witi,
928 4206 1139 4285 Wenceslay,
1160 4207 1336 4271 Adalberti
1360 4219 1542 4286 martyrum
1568 4228 1607 4270 ac
1627 4208 1767 4269 aliorum

321 4323 514 4373 sanctorum
535 4317 685 4374 omnium
703 4331 738 4373 se
755 4317 884 4375 noverit
905 4316 1114 4377 incursurum
1134 4325 1167 4377 et
1187 4325 1334 4378 transeat
1353 4336 1428 4378 cum
1446 4316 1557 4378 Datan
1578 4325 1611 4376 et
1627 4313 1768 4390 Abyron

322 4429 446 4481 etcum
468 4418 551 4480 luda
570 4421 732 4482 traditore
753 4418 879 4481 domini
893 4440 932 4480 ac
955 4440 1028 4482 cum
1054 4425 1110 4497 eis,
1127 4427 1184 4502 qui
1204 4423 1362 4485 dixerunt
1386 4425 1524 4486 domino
1538 4425 1619 4485 deo:
1636 4420 1767 4499 ,recede

322 4547 340 4587 a
365 4527 472 4601 nobis,
495 4527 697 4589 sentenciam
721 4538 854 4589 tuarum
880 4527 1035 4590 nolumus
1058 4530 1202 4591 viarum‘.
1229 4530 1264 4592 ln
1289 4534 1383 4592 cuius
1406 4543 1466 4593 etc.
1494 4530 1617 4592 Datum
1641 4538 1702 4591 etc.

428 4699 487 4752 Fol.
513 4705 544 4753 21
574 4701 599 4753 ὅ.
620 4709 679 4764 144,
699 4701 744 4754 tei
770 4718 788 4753 v
808 4701 850 4754 rk.
871 4703 1000 4772 kapituly
1026 4703 1236 4773 PralslreJtob
1256 4704 1303 4757 fol.
1324 4710 1375 4757 233
1401 4721 1417 4758 a
1442 4721 1460 4756 v
1486 4705 1527 4757 rlr.
1553 4704 1766 4757 witherinstrem

321 4797 355 4842 st.
366 4794 400 4843 69
421 4791 554 4860 (Patactry
573 4790 801 4844 Formelbticher
821 4791 831 4843 l
851 4798 884 4846 st.
899 4795 970 4858 337).
989 4792 1101 4846 Ltsrine
1120 4797 1189 4856 teto,
1210 4794 1253 4862 pli
1271 4795 1366 4863 jejimi
1387 4794 1493 4863 vydani
1515 4796 1573 4865 jest
1592 4793 1767 4848 aucastnena

383 4937 535 4945 .-.-.--.-

426 5006 453 5070 a)
483 5005 707 5066 ,addubitanter‘
736 5006 783 5067 ln,
814 5005 1027 5070 ,indubitanter‘
1058 5006 1129 5074 Kap.
1149 5007 1170 5075 J.
1200 5037 1233 5046 -
1262 5007 1291 5076 b)
1320 5049 1339 5075 ,.
1361 5017 1376 5060 .¹
1406 5008 1478 5077 Kap.
1497 5011 1519 5078 J.
1612 5009 1638 5076 c)
1662 5007 1766 5062 Schizl

319 5109 337 5144 v
357 5091 428 5161 Kap.
441 5093 464 5160 J.
485 5123 518 5132 —
539 5093 569 5162 d)
589 5093 742 5162 uoptneno
767 5096 813 5148 dle
836 5093 904 5163 Kap.
918 5097 939 5165 J.
960 5125 992 5134 —
1013 5097 1040 5163 e)
1060 5095 1300 5157 ,ratificacionem‘
1321 5097 1394 5164 Kap.
1407 5099 1429 5168 J.
1450 5127 1479 5136 —
1503 5098 1528 5166 f)
1549 5099 1588 5159 ‚C‘
1610 5097 1682 5164 llap.
1696 5097 1717 5166 J.
1733 5126 1766 5136 —

319 5183 348 5250 g)
367 5183 474 5244 ,debet‘
493 5184 549 5236 oba
570 5185 610 5236 rlr.
