3968 5848
894 449 943 496 121

194 664 251 741 qui
273 663 382 724 eidem
407 664 563 740 dyacono
588 662 630 724 de
655 661 867 724 facultatibus
893 667 961 725 suis
987 663 1156 724 caritative
1185 660 1428 736 subvenerint³,
1454 659 1641 722 dummodo

194 790 270 832 vere
305 771 437 832 contriti
474 767 595 831 fuerint
635 779 668 830 et
704 767 858 846 confessi,
894 769 936 832 de
975 771 1213 850 omnipotentis
1251 768 1307 830 dei
1343 769 1571 830 misericordia
1608 779 1641 828 et

195 879 371 940 beatorum
389 877 475 939 Petri
493 887 526 939 et
543 875 634 938 Pauli
660 876 890 956 apostolorum
911 877 1113 938 auctoritate
1133 895 1263 937 necnon
1281 885 1314 938 et
1330 875 1419 937 beati
1437 873 1641 950 Wencezlay

196 988 346 1063 martyris
368 986 501 1058 meritis,
526 986 657 1064 patroni
678 985 789 1060 nostri,
811 984 934 1052 confisi.
959 1004 983 1044 x
1000 985 1072 1046 dies
1092 982 1308 1044 criminalium
1333 991 1366 1044 et
1390 1001 1439 1043 xx
1463 980 1641 1042 venialium

197 1103 413 1172 peccatorum
437 1093 470 1155 in
494 1093 631 1154 domino
656 1092 916 1154 misericorditer
940 1091 1139 1153 relaxamus.
1163 1089 1287 1152 Datum
1313 1100 1373 1152 etc.

302 1285 361 1337 Fol.
382 1289 417 1335 23
438 1283 461 1336 ὅ.
477 1289 536 1344 150,
556 1283 601 1337 tei
620 1301 638 1337 v
657 1285 797 1351 rukopise
816 1283 946 1352 kapituly
966 1283 1089 1336 Pralske
1102 1283 1116 1352 J
1130 1279 1176 1334 ⁴0b
1196 1281 1243 1336 sol.
1257 1285 1317 1335 228.
1339 1279 1365 1334 O
1385 1279 1641 1350 chronologickem

198 1375 327 1428 omezeni
345 1375 447 1426 rokem
469 1379 538 1426 1290
557 1390 632 1426 sroV.
654 1375 733 1427 uvod
751 1373 776 1426 ll
795 1377 819 1426 3.

884 1770 954 1830 151.

199 1965 319 2046 Biskup
365 1965 481 2029 Tobios*
524 1965 675 2046 nar'iauje
720 1963 935 2046 arciydlzrroor',
974 1964 1035 2042 aby
1080 1961 1228 2024 oznrz'mz'l
1269 1961 1509 2024 duchovenstvu
1547 1960 1644 2022 sveno

198 2072 477 2146 archidt'akondtu,
501 2074 538 2134 sle
560 2073 693 2152 synoda,
719 2070 810 2134 kterd
834 2072 917 2133 ralla
941 2071 1007 2151 by'ti
1028 2069 1157 2132 leondna
1175 2079 1219 2151 po
1241 2089 1288 2130 sv.
1316 2067 1389 2144 Vitel,
1412 2077 1471 2150 pro
1494 2065 1645 2148 nepokoy'e

740 2201 761 2240 v
783 2179 868 2240 nemi
881 2181 918 2261 je
943 2177 1105 2240 odloz'ena.

1275 2279 1535 2362 (1279-1290).

280 2448 470 2527 Episcopus
494 2449 631 2510 mandat
655 2448 925 2525 archydyacono,
950 2457 985 2506 ut
1015 2445 1402 2518 nunciaret-abbatibus,
1427 2443 1563 2504 decanis

395 2567 428 2617 et
453 2556 613 2634 plebanis,
637 2555 729 2635 quod
755 2573 822 2616 non
847 2555 998 2613 venirent
1021 2551 1064 2612 ad
1090 2551 1258 2628 synodum
1283 2555 1344 2614 ista
1368 2553 1450 2612 vice.

302 2729 498 2815 Th(obias)b
520 2735 575 2796 dei
599 2735 710 2816 gracia
734 2743 796 2796 etc.
822 2733 1012 2795 honorabili
1029 2733 1098 2794 viro
1115 2731 1252 2794 domino
1272 2779 1278 2789 .
1296 2777 1302 2790 .
1321 2729 1572 2808 archidyacono
1595 2747 1645 2788 sa-

201 2843 298 2904 lutem
309 2852 370 2904 etc.
384 2840 467 2924 Cum
480 2849 617 2921 propter
627 2842 776 2903 nondum
787 2851 941 2919 pacatum
952 2849 1074 2901 statum
1086 2837 1178 2919 regni
1192 2837 1326 2899 Boemie
1340 2845 1372 2897 et
1386 2837 1451 2898 alia
1461 2834 1647 2913 dispendia,

202 2969 265 3030 que
297 2951 494 3012 incumbunt
518 2949 579 3010 hiis
607 2949 816 3027 temporibus
841 2948 1011 3025 inpacatis,
1036 2947 1202 3024 synodum
1235 2953 1384 3007 nostram
1417 2953 1494 3023 post
1526 2941 1646 3004 festum

203 3060 392 3136 proximum
423 3059 529 3120 sancti
555 3059 623 3119 Viti
658 3057 827 3119 celebrare
859 3076 953 3118 more
985 3055 1097 3117 sollito
1125 3073 1191 3114 non
1215 3052 1409 3128 valeamus,e
1432 3051 1648 3130 providencie

202 3179 307 3228 vestre
324 3165 532 3242 mandamus,
550 3176 714 3246 quatenus
735 3165 923 3240 abbatibus,
940 3164 1115 3242 prioribus,
1131 3163 1318 3240 prepositis,
1336 3161 1480 3231 decanis
1497 3157 1649 3239 plebanis

202 3283 234 3334 et
257 3274 329 3334 aliis
354 3275 572 3336 ecclesiarum
605 3276 792 3335 rectoribus
824 3273 982 3333 intimetis
1008 3269 1315 3346 archidyaconatus
1338 3269 1447 3339 vestri,
1472 3264 1563 3344 quod
1587 3264 1648 3342 ipsi

204 3383 263 3443 hac
286 3383 358 3442 vice
385 3375 548 3462 Pragamd
572 3381 616 3442 ad
641 3386 811 3442 nostram⁰
835 3379 1001 3456 synodum
1033 3397 1102 3439 non
1134 3376 1306 3449 accedant,
1331 3393 1372 3437 ne
1397 3373 1508 3453 aliqua
1533 3373 1563 3432 in
1588 3371 1649 3432 viis

204 3488 351 3566 pericula
384 3491 566 3567 paciantur,
599 3487 750 3566 exceptis
782 3486 959 3547 dumtaxat
995 3483 1258 3546 decimatoribus
1290 3473 1440 3555 nostris,r
1468 3483 1524 3561 qui
1555 3482 1583 3541 si
1615 3480 1647 3539 in

203 3594 286 3658 sesto
308 3595 484 3674 prehabito
510 3596 614 3657 sancti
637 3593 707 3656 Viti
733 3595 882 3655 decimas
907 3603 1038 3654 nostras
1059 3591 1163 3670 Prage
1183 3609 1249 3652 non
1271 3587 1427 3650 solverint
1448 3587 1480 3648 in
1501 3595 1649 3647 nostram

205 3722 381 3777 cameram,
405 3706 491 3764 sicut
523 3703 656 3778 debent,
681 3720 803 3779 penam
837 3701 984 3762 debitam
1010 3703 1193 3778 pacientur.
1242 3695 1341 3758 Unde
1372 3695 1437 3756 hoc
1471 3697 1580 3773 ipsum
1605 3711 1649 3752 ex

206 3805 441 3892 habun(dan)ti
466 3812 545 3890 ipsu
569 3808 757 3888 specialiter
781 3809 947 3869 intimetis,
975 3806 1099 3867 Datum
1124 3815 1185 3867 etc.

311 4003 372 4056 Fol.
393 4007 426 4055 23
446 4002 470 4056 d.
492 4007 552 4059 151,
578 4001 623 4054 tei
650 4018 667 4052 v
693 4000 830 4067 rukopise
858 4000 988 4066 kapituly
1019 3993 1376 4064 PrarskeJ40⁵s01.2⁵s
1416 3992 1502 4046 Slova
1521 3995 1652 4057 ,propter

207 4094 334 4146 nondum
355 4101 489 4160 pacatum
509 4099 617 4144 statum
647 4091 728 4159 regni
751 4089 877 4142 Boemie‘
898 4089 1006 4140 kladou
1030 4087 1134 4140 rozkaz
1154 4093 1235 4139 tento
1253 4084 1328 4154 jesu}
1347 4085 1387 4136 do
1407 4083 1485 4151 doby
1506 4072 1652 4147 nepokojt

207 4167 385 4242 vCechach,
406 4184 487 4234 idere
507 4183 599 4250 trvaly
619 4181 657 4234 od
679 4179 854 4246 nasroupeni
873 4177 1037 4230 Tobialova
1057 4176 1089 4229 al
1110 4176 1148 4228 do
1168 4192 1189 4228 r.
1211 4179 1288 4228 1290.

314 5041 341 5104 a)
361 5041 520 5100 ,caritatem
540 5038 718 5090 subvenerit‘
739 5035 777 5087 ln.
800 5063 829 5072 -
852 5035 881 5102 b)
903 5031 1069 5101 ,Gregorius
1095 5031 1121 5084 d.
1142 5047 1167 5097 g.
1188 5029 1266 5098 Prag.
1286 5031 1341 5094 ep*
1361 5025 1433 5093 liap.
1444 5026 1466 5094 J.
1485 5053 1519 5063 -
1546 5024 1572 5088 c)
1597 5035 1654 5082 ,va-

210 5130 307 5183 lentes‘
334 5129 383 5188 ln„
410 5127 574 5190 ,valeamus¹
601 5124 673 5193 Kap.
688 5125 708 5193 J.
739 5152 770 5162 ·-
801 5121 832 5191 d)
858 5121 997 5184 ,Pradam
1024 5119 1072 5183 ln,
1100 5117 1236 5188 ,Pragam‘
1262 5116 1336 5182 Kap.
1350 5114 1372 5183 J.
1405 5143 1437 5152 —
1464 5115 1490 5176 e)
1517 5107 1655 5164 Pllvodnd

210 5222 325 5280 ,11111111ἱ
346 5219 402 5285 pal<
422 5216 479 5270 nad
506 5215 625 5268 ladkem
645 5231 661 5266 a
681 5230 718 5281 po
739 5213 810 5282 krail
830 5225 978 5278 opraveno
997 5225 1015 5260 v
1036 5211 1189 5270 ,nostram‘.
1210 5234 1242 5244 -
1264 5205 1286 5272 l)
1307 5203 1445 5257 Podobnd
1464 5202 1552 5265 ,meis‘
1572 5214 1655 5266 opra-

210 5323 282 5361 veno
301 5324 319 5359 v
338 5305 470 5370 ,nostris‘.
