4008 5846
1049 293 1084 342 50

1041 558 1094 622 55.

345 703 470 786 Biskup
492 703 663 786 roekazuje
692 701 862 782 dlkamim,
896 701 957 783 aby
974 699 1155 782 prohla'sili
1174 699 1287 764 klatbu
1309 701 1380 764 nad
1400 698 1521 763 ladem
1545 699 1581 760 P.
1599 710 1662 779 pro
1686 699 1790 762 na'silr'

851 809 1014 892 spa'clzanl
1036 829 1081 870 na
1095 809 1217 891 sardii
1237 807 1280 871 N.

1441 909 1477 996 (i
1500 909 1681 996 -12902).

499 1077 688 1159 Episcopus
713 1076 851 1140 mandat
875 1077 1023 1153 decanis,
1047 1085 1083 1137 ut
1108 1076 1406 1138 excomunicarent
1430 1068 1630 1158 [offensores

934 1178 1194 1264 plebanorum]¹.

449 1324 661 1410 Conquestus
677 1336 728 1389 est
744 1328 841 1390 nobis
859 1321 916 1389 N.b
939 1328 1114 1408 presbyter
1137 1326 1203 1388 de.
1221 1332 1243 1388 .⁰
1274 1325 1446 1405 plebanus,
1469 1323 1561 1406 quod
1586 1317 1638 1388 P.‘¹
1662 1323 1788 1400 laycus,

341 1436 428 1499 filius
460 1435 536 1498 talis
566 1436 609 1498 de
627 1481 663 1507 ..,
689 1454 766 1497 cum
790 1436 858 1497 suis
882 1433 1102 1514 complicibus
1126 1452 1246 1496 manus
1270 1436 1303 1495 in
1326 1453 1404 1496 eum
1428 1433 1564 1494 iniciens
1587 1433 1708 1494 timore
1733 1430 1787 1491 dei

343 1543 530 1622 postposito
561 1551 687 1605 temere
719 1541 890 1618 violentas
925 1546 1033 1620 ipsum
1058 1541 1129 1602 dira
1153 1541 1325 1602 vulnerum
1349 1539 1529 1602 affectione
1552 1540 1696 1621 graviter
1720 1536 1788 1598 vul·

340 1651 473 1712 neravit.
500 1648 650 1730 Ideoque
675 1648 869 1711 discrecioni
887 1658 994 1711 vestre
1010 1648 1217 1724 mandamus,
1240 1658 1404 1728 quatenus
1420 1647 1569 1726 partibus
1586 1645 1788 1719 convocatis,

341 1759 368 1818 si
392 1757 486 1819 vobis
517 1756 701 1819 constiterit
732 1757 776 1818 ita
800 1774 883 1831 esse,
918 1754 1046 1816 tamdiu
1071 1753 1235 1834 prefatum
1259 1755 1561 1830 excomunicatum,
1596 1753 1787 1833 ubicunque

340 1865 436 1926 vobis
471 1863 632 1943 expedire
667 1863 840 1941 videbitur,
876 1863 1083 1926 denuncietis
1115 1871 1149 1924 et
1180 1862 1373 1924 denunciari
1397 1861 1528 1940 publice
1552 1858 1695 1923 faciatise
1726 1879 1785 1920 ex·

341 1971 633 2044 comunicacionis
657 1989 758 2051 quam
782 1971 856 2050 ipso
879 1969 969 2032 facto
993 1972 1137 2046 incurrit,
1161 1970 1332 2032 sentencie
1355 1969 1535 2063 subiacere.

447 2145 508 2200 Fol.
528 2149 545 2198 9
563 2145 587 2198 ἑ.
608 2149 650 2198 ⁵5.
669 2144 714 2198 tei
734 2144 909 2212 vrukopise
930 2144 1060 2214 kapituly
1078 2143 1203 2198 Praiske
1219 2143 1233 2211 J
1253 2141 1300 2196 ⁴0¹³
1319 2142 1366 2198 fol.
1387 2147 1447 2197 253.
1480 2139 1506 2195 Ο
1526 2141 1783 2210 chronologickem

340 2235 471 2288 omezeni
489 2235 590 2288 rokem
610 2238 680 2287 1290
699 2249 775 2288 stov.
796 2234 874 2287 dvod
892 2233 917 2287 ll
937 2240 962 2288 3.

1033 2523 1085 2585 56.

340 2663 463 2746 Biskup
506 2664 537 2728 T
533 2663 622 2727 obia‘s‘
655 2664 743 2726 ddva
780 2664 890 2728 sve'mu
922 2663 1173 2746 prokurdtoroui
1211 2663 1337 2736 Janovi
1362 2664 1464 2747 plnou
1496 2685 1562 2727 mcc
1592 2664 1614 2724 k
1637 2664 1788 2746 jedna‘m'

337 2771 573 2854 spapetsky‘m
604 2773 740 2852 legdtem
767 2768 890 2841 Janem
918 2771 1083 2854 biskupem
1122 2772 1152 2834 T
1148 2771 1332 2853 usculsky'm
1363 2793 1381 2834 0
1411 2773 1495 2834 sulti
1524 2771 1641 2852 klatby,
1675 2791 1696 2834 v
1727 2771 1786 2834 nii

670 2878 775 2958 upadl
792 2889 853 2961 pro
876 2879 1083 2958 nedoplacenl
1101 2877 1280 2954 prokurace
1302 2879 1452 2960 legdtovi.

1193 3071 1223 3134 V
1239 3072 1353 3150 Praze,
1379 3071 1466 3136 1287
1487 3072 1598 3135 kvlten
1620 3075 1673 3136 31.

607 3233 873 3296 procuratorium
897 3234 940 3296 ad
964 3234 1153 3296 Romanam
1177 3236 1312 3296 curiam.

445 3376 517 3440 Nos
540 3371 734 3460 Th(0bias)s
755 3376 807 3439 dei
838 3377 951 3459 gracia
975 3377 1147 3460 Pragensis
1180 3381 1358 3458 episcopus
1389 3386 1507 3441 notum
1538 3375 1679 3440 iacimus
1709 3381 1783 3439 uni·-

335 3487 438 3546 versis
461 3493 633 3564 presentes
656 3484 783 3547 litteras
799 3485 1007 3562 inspecturis,
1030 3485 1120 3564 quod
1137 3505 1200 3547 nos
1215 3479 1429 3568 Jo(hannem)
1446 3486 1602 3546 nuncium
1618 3493 1781 3560 nostrum,

336 3592 559 3655 exhibitorem
583 3591 803 3672 presencium,
827 3600 979 3654 nostrum
1003 3601 1257 3671 procuratorem
1274 3594 1509 3654 constituimus
1532 3591 1712 3672 specialem
1736 3591 1781 3653 ad

336 3699 518 3778 petendum
542 3709 576 3762 et
599 3698 819 3761 obtinendum
843 3719 862 3760 a
886 3698 1065 3761 venerabili
1089 3699 1122 3760 in
1146 3694 1280 3761 Christo
1315 3708 1410 3779 patre
1434 3699 1572 3760 domino
1596 3695 1782 3780 Jo(hannc)

335 3808 554 3869 miseracione
579 3806 689 3868 divina
714 3797 951 3889 (Tusculano)²
975 3807 1146 3885 episcopo,
1181 3805 1367 3884 apostolice
1391 3805 1480 3868 sedis
1504 3805 1626 3889 legato,
1651 3806 1779 3869 relaxa·

335 3915 465 3975 cionem
490 3923 522 3974 et
546 3911 796 3974 absolucionem
820 3912 1065 3975 sentenciarum
1090 3913 1317 3991 suspensionis
1341 3913 1384 3974 ab
1407 3913 1557 3995 ingressu
1581 3913 1721 3975 ecclesie
1746 3921 1781 3975 et

335 4019 623 4100 apontificalibus
658 4028 692 4080 et
723 4020 1054 4082 excomunicacionis
1085 4023 1118 4082 in
1142 4038 1204 4081 nos
1227 4018 1378 4095 latarum,
1413 4037 1497 4100 quas
1533 4021 1711 4082 incidimus
1735 4019 1779 4081 de

334 4125 424 4190 facto
448 4147 509 4208 pro
534 4145 585 4202 co,
610 4126 701 4207 quod
726 4125 818 4188 dicto
842 4128 930 4208 patri
953 4126 996 4188 de
1016 4125 1197 4188 medietate
1220 4129 1472 4205 procuracionis
1497 4127 1595 4189 nobis
1618 4147 1678 4206 per
1701 4145 1778 4188 eum

335 4235 498 4314 imposite,
522 4233 685 4295 canonico
710 4231 950 4311 impedimento
975 4235 1139 4309 obstante,
1171 4251 1231 4312 per
1255 4251 1316 4295 nos
1340 4252 1407 4296 non
1431 4233 1541 4296 extitit
1565 4231 1781 4308 satisfactum,

334 4351 368 4404 et
391 4341 434 4404 ad
459 4340 637 4404 iurandum
660 4341 693 4401 in
716 4340 862 4402 animam
878 4349 1028 4403 nostram
1052 4350 1086 4402 et
1102 4339 1145 4401 ad
1162 4339 1373 4402 offerendum
1396 4360 1432 4402 se
1456 4341 1654 4420 probacioni
1677 4357 1778 4418 super

333 4449 514 4511 amissione
549 4449 690 4525 pecunie
725 4447 788 4510 sibi
819 4447 920 4510 misse
952 4455 985 4508 et
1017 4447 1059 4508 ad
1085 4445 1273 4509 faciendum
1310 4449 1422 4509 omnia
1446 4447 1510 4508 alia
1535 4456 1568 4509 et
1591 4447 1720 4528 singula
1744 4448 1779 4509 in

333 4556 455 4618 eodem
478 4555 618 4636 negocio
643 4565 818 4634 oportuna,
849 4555 919 4616 sine
943 4553 1064 4634 quibus
1088 4552 1315 4616 absolucionis
1339 4553 1538 4617 beneficium
1561 4574 1628 4616 non
1654 4556 1779 4632 poterit

332 4642 483 4740 obtineri,
519 4670 640 4741 etque
671 4679 734 4723 nos
765 4661 826 4740 ipsi
857 4659 967 4723 lacere
993 4679 1176 4741 possemus,
1211 4661 1237 4724 si
1260 4670 1432 4742 presentes
1456 4681 1621 4744 essemus;
1657 4670 1778 4736 ratum,

439 4851 466 4921 a)
485 4852 640 4920 Doplneno
659 4853 707 4907 dle
727 4851 798 4921 Kap.
810 4851 833 4920 J,
854 4867 872 4905 v
890 4850 931 4905 ln.
951 4853 1066 4906 vazbou
1085 4852 1242 4906 setianuto.
1264 4881 1295 4890 -
1316 4853 1346 4918 b)
1366 4853 1488 4916 ,nobilis‘
1507 4853 1580 4920 Kap.
1595 4853 1618 4922 J.
1640 4881 1672 4890 -
1686 4855 1714 4920 c)
1729 4861 1777 4916 ,ta.

332 4943 380 4997 lo.‘
398 4939 471 5010 Kap.
484 4941 507 5010 J.
527 4969 559 4978 —
580 4940 611 5010 d)
631 4941 685 5002 ,M.‘
705 4940 776 5009 Kap.
791 4941 812 5010 J.
834 4970 866 4979 -
886 4939 914 5008 e)
934 4941 1142 5006 ,Denuncietur
1169 4949 1200 4994 et
1227 4941 1398 4996 denunciari
1425 4943 1541 5009 publice
1570 4941 1699 4996 saciatur‘
1725 4941 1778 5002 ln.,

330 5031 415 5100 prvnl
432 5036 449 5084 3
468 5031 549 5085 slova
567 5045 606 5098 po
619 5031 716 5084 strand
733 5030 880 5097 doplnena
896 5033 978 5097 jinou
996 5031 1100 5096 rukou,
1119 5031 1310 5093 ¹denuncietis
1328 5038 1358 5086 et
1371 5031 1438 5086 dcn.
1452 5033 1520 5100 pub.
1534 5031 1653 5086 saciatis‘
1667 5031 1739 5098 Kap.
1750 5029 1775 5098 J.

330 5119 354 5189 s)
372 5123 423 5191 ,Jo¹
447 5119 519 5189 Kap.
537 5121 560 5190 J.
581 5149 613 5159 -
633 5121 662 5190 g)
682 5120 750 5182 ,..‘
769 5120 817 5182 In,
838 5121 906 5182 ,tali‘
924 5119 999 5189 Kap.
1016 5120 1039 5189 J.
