3968 5848
897 409 948 459 135

888 677 959 739 170.

246 836 364 917 Biskup
393 837 424 900 T
419 835 510 898 ubz'dl
531 837 620 898 davd
642 835 801 918 odpustky
823 839 893 913 tim,
917 835 1001 900 kdot
1012 839 1151 920 piisplsi
1173 839 1344 900 almrtdnou
1361 836 1598 914 mdlomocny'm.

1251 995 1537 1080 (1279-1290r).

286 1140 475 1221 Episcopus
487 1142 545 1203 dat
558 1142 802 1224 indulgenciam
817 1141 887 1218 illis,
903 1143 958 1222 qui
972 1142 1090 1204 darent
1102 1141 1301 1204 elemosinas
1313 1161 1391 1204 suas
1407 1141 1555 1218 leprosis.

303 1282 498 1366 Tholhiasl¹
520 1285 573 1347 dei
598 1285 710 1366 gracia
736 1293 798 1346 etc.
824 1285 983 1347 universis
1008 1282 1128 1348 Christi
1152 1284 1306 1348 fidelibus
1330 1291 1393 1345 etc.
1418 1283 1645 1345 Devocionem

205 1401 338 1454 vestram
363 1403 426 1454 etc.
451 1391 615 1456 Omnibus
639 1392 734 1454 vobis
757 1411 835 1454 vere
859 1394 1087 1470 penitentibus
1112 1401 1145 1456 et
1169 1391 1338 1469 confessis,
1369 1392 1425 1470 qui
1450 1390 1493 1452 ad
1517 1399 1645 1453 susten-

203 1500 361 1561 tacionem
386 1499 597 1578 leprosorum
622 1498 713 1580 apud
732 1547 738 1561 .
757 1493 782 1562 ,Β
806 1499 1027 1562 residencium
1060 1500 1103 1562 de
1127 1499 1225 1562 bonis
1249 1519 1267 1560 a
1293 1500 1359 1562 deo
1392 1498 1486 1560 vobis
1517 1496 1645 1560 collatis

204 1624 331 1668 manum
356 1607 572 1686 porrexeritis
596 1606 803 1686 adiutricem,
828 1604 890 1668 XL
913 1605 987 1668 dies
1010 1607 1155 1668 iniuncte
1180 1606 1365 1686 penitencie
1390 1604 1647 1666 misericorditer

204 1712 387 1776 relaxamus
411 1714 625 1793 presentibus
648 1720 726 1775 etc.c

303 1888 363 1941 Fol.
383 1892 418 1941 26
439 1867 543 1952 8170,
568 1888 613 1941 tet
643 1903 660 1940 v
687 1889 728 1942 rk.
755 1888 886 1958 kapituly
913 1887 1036 1941 Praiske
1061 1885 1142 1958 Jtol
1161 1888 1208 1942 fol.
1235 1890 1304 1942 228¹.
1338 1886 1363 1940 O
1390 1885 1644 1956 chronologickem

201 1977 327 2030 omezeni
346 1978 447 2030 rokem
468 1981 538 2030 1290
557 1991 632 2030 srov.
652 1977 731 2031 uvod
751 1975 776 2030 ll
795 1981 819 2031 3.

885 2341 955 2400 171.

201 2496 321 2579 Biskup
351 2496 468 2560 Tobia'l
496 2497 655 2580 zakaause
677 2499 838 2580 saradim
863 2509 1065 2578 provozovat
1092 2499 1233 2579 symom'i
1263 2499 1412 2581 solejem
1443 2519 1465 2559 a
1491 2495 1646 2559 ktb'imem

201 2606 350 2666 abrdnt't
370 2607 501 2668 viiicz'm
531 2625 552 2666 v
566 2639 570 2647 ·
583 2609 734 2668 ndvitlue'
755 2604 898 2668 kldltera
929 2627 950 2668 v
981 2605 1128 2671 Pomuku
1159 2628 1181 2668 a
1211 2627 1232 2669 v
1250 2605 1446 2686 polidbz'vdni
1474 2625 1495 2665 u
1522 2603 1645 2666 kostela

693 2713 728 2776 P.
753 2713 862 2776 Marte
884 2713 974 2777 tator
997 2715 1152 2778 kla'itera.

1250 2815 1536 2902 (1279—12901’).

287 2962 476 3044 Episcopus
508 2965 645 3026 mandat
676 2965 836 3026 universis
867 2965 1025 3044 plebanis,
1058 2975 1093 3027 ut
1124 2984 1185 3045 pro
1216 2965 1318 3026 sacris
1357 2955 1557 3044 liquoribus‘¹

716 3071 839 3151 aliquid
864 3091 932 3134 non
957 3074 1127 3150 recipiant.

302 3209 500 3296 Th(obias)⁸
524 3214 580 3275 dei
603 3215 714 3296 gracia
746 3225 808 3274 etc.
834 3213 964 3276 dilectis
996 3216 1027 3276 in
1060 3211 1192 3278 Christo
1217 3225 1278 3278 etc.
1321 3215 1471 3278 Pervenit
1503 3215 1546 3277 ad
1571 3233 1644 3290 nos,

199 3321 287 3402 quod
312 3341 371 3384 vos
395 3315 554 3403 liquores‘
578 3341 702 3395 sacros,
727 3323 848 3384 crisma
872 3333 906 3383 et
921 3323 1032 3385 oleum
1057 3323 1160 3385 modo
1185 3323 1379 3400 symoniaco
1397 3321 1545 3400 venditis,
1569 3321 1646 3386 nulli

199 3430 394 3492 unccionem
419 3449 549 3492 sacram
575 3440 692 3492 contra
718 3437 842 3492 statuta
867 3449 1039 3492 sacrorum
1055 3449 1223 3493 canonum
1240 3430 1448 3506 exhibentes,
1472 3431 1537 3492 nisi
1552 3429 1647 3492 vobis

199 3537 286 3615 prius
311 3541 471 3616 peccunia
489 3549 547 3599 aut
563 3557 615 3600 res
632 3538 695 3599 alie
712 3537 744 3597 in
761 3543 910 3617 precium
928 3536 1049 3599 suerint
1065 3537 1241 3618 assignate,
1258 3537 1417 3618 quodque
1435 3535 1647 3617 parochianis

199 3646 314 3707 vestris
338 3656 408 3706 tam
432 3644 563 3707 occulte
587 3664 688 3725 quam
714 3643 847 3724 publice
872 3643 1066 3723 prohibetis,
1089 3656 1126 3708 ut
1150 3645 1259 3708 nullus
1291 3646 1382 3725 apud
1407 3643 1647 3706 monasterium

199 3747 449 3834 PomuceaneJ⁸
471 3763 528 3814 aut
545 3751 723 3836 ecclesiam
740 3759 855 3813 sancte
875 3749 979 3812 Marie
995 3750 1139 3833 gloriose
1156 3752 1290 3834 virginis
1313 3753 1346 3815 in
1363 3765 1476 3814 monte
1501 3743 1647 3829 (supra)¹²

199 3858 390 3921 iamdictam
424 3862 665 3922 monasterium
698 3853 863 3922 situatami
892 3858 1100 3938 sepulturam
1124 3857 1246 3941 eligere
1270 3858 1378 3921 valeat
1410 3876 1479 3921 non
1508 3857 1645 3932 illectus

199 3985 259 4027 nec
284 3965 359 4028 loca
385 3969 457 4047 ipsa
483 3969 691 4029 sanctissima
708 3986 811 4030 causa
829 3967 1024 4028 devocionis
1041 3967 1198 4047 precipue
1223 3967 1255 4027 in
1272 3965 1391 4028 diebus
1407 3964 1648 4043 sollempnibus

199 4083 231 4134 et
254 4075 377 4135 festivis
400 4076 470 4137 sine
494 4086 603 4136 vestra
628 4073 766 4136 licencia
791 4073 896 4153 possit
919 4073 1130 4153 aliquatenus
1153 4074 1295 4149 visitare,
1319 4083 1352 4134 et
1370 4072 1462 4153 quod
1479 4074 1579 4134 etiam
1604 4070 1647 4132 ab

199 4180 326 4242 eisdem
351 4183 562 4260 parochianis
586 4183 703 4244 vestris
727 4191 844 4243 contra
869 4181 1147 4244 consuetudinem
1171 4183 1278 4261 patrie
1302 4179 1468 4260 prediales
1499 4179 1648 4241 decimas

199 4289 329 4370 exigitis
369 4291 477 4352 minus
513 4293 606 4366 iuste,
642 4289 847 4369 sepulturam
891 4290 939 4351 eis
975 4289 1236 4352 ecclesiasticam
1273 4298 1306 4351 et
1341 4289 1405 4350 alia
1437 4295 1647 4348 sacramenta

201 4415 377 4476 perperam
402 4398 614 4480 denegantes
640 4396 754 4482 Quare
779 4417 855 4460 cum
880 4397 945 4460 hoc
969 4398 1011 4459 sit
1033 4397 1246 4459 temerarium
1270 4405 1304 4457 et
1327 4395 1483 4456 iniustum
1500 4403 1533 4455 et
1549 4391 1648 4455 saluti

201 4505 385 4566 animarum
410 4513 592 4567 vestrarum
611 4507 816 4567 contrarium
833 4503 1018 4580 manifeste,
1043 4523 1104 4566 nos
1129 4503 1163 4564 id
1183 4521 1228 4565 ex
1246 4503 1309 4565 hac
1326 4521 1427 4564 causa
1445 4499 1649 4575 racionabili,

201 4629 277 4672 cum
310 4611 460 4673 omnium
497 4611 707 4674 subditorum
743 4623 933 4674 nostrorum
969 4631 1013 4673 ex
1046 4609 1146 4673 officii
1175 4611 1279 4671 nostri
1314 4609 1430 4671 debito
1465 4607 1648 4670 debeamus

202 4717 377 4794 providere
401 4719 506 4794 saluti,
531 4718 601 4781 sine
626 4717 713 4780 fame
738 4728 770 4781 et
787 4719 895 4781 anime
920 4729 1033 4781 nostre
1050 4717 1198 4797 periculo
1215 4715 1423 4779 dissimulare
1440 4715 1649 4795 aliquatenus

202 4843 268 4886 non
293 4825 449 4901 valentes,
473 4827 715 4888 discrecionem
740 4837 883 4889 vestram
908 4845 1085 4888 monemus
1110 4833 1143 4886 et
1160 4833 1308 4886 ortamur
1333 4833 1459 4886 attente
1482 4826 1515 4885 in
1532 4821 1649 4884 virtute

307 5073 335 5124 al
353 5073 397 5134 ,Α“
417 5069 525 5139 KapJ.
546 5100 577 5108 -
598 5069 628 5140 b)
648 5077 717 5134 ,nos‘
732 5069 838 5139 Kap.J.
861 5099 892 5110 -
913 5070 940 5127 cl
960 5078 1036 5136 ,post
1055 5077 1108 5123 etc
1130 5069 1244 5122 Datum‘
1265 5069 1336 5137 Kap.
1350 5068 1373 5137 J.
1393 5097 1425 5108 -
1447 5069 1478 5135 d)
1497 5067 1648 5130 ‚litoribus

202 5159 249 5220 ln..
263 5160 443 5228 ,liquoribus⁴
458 5161 531 5228 Kap.
543 5161 565 5230 J.
580 5189 614 5199 -
633 5160 661 5228 e)
681 5159 731 5228 ,Jo‘
745 5161 818 5228 Kap.
837 5159 860 5229 J.
874 5189 908 5200 -
935 5161 944 5227 J
959 5160 1074 5220 litores*
1094 5159 1143 5220 ln..
1157 5159 1303 5230 ,liquores‘
1323 5159 1395 5227 Kap.
1408 5159 1431 5228 J.
1452 5187 1484 5197 -
1504 5159 1532 5226 g)
1547 5157 1650 5211 Schari

203 5266 219 5303 v
238 5250 310 5318 Kap.
331 5249 352 5320 J.
369 5279 398 5288 -
415 5249 444 5319 h)
465 5249 617 5319 Doplneno
637 5251 684 5304 dle
705 5249 777 5317 Kap.
789 5249 812 5318 J.
833 5279 866 5288 -
886 5251 905 5315 i)
920 5251 1075 5316 ,situatum¹
1090 5249 1137 5310 ln.¹
1155 5249 1307 5304 situatam⁴
1326 5247 1399 5316 Kap.
1413 5248 1436 5316 J.
