3988 5844
365 649 437 705 Cum
452 651 482 704 B.
497 651 593 705 dictus
607 651 644 704 de
659 692 663 702 .
679 692 684 702 .
701 666 751 717 per
765 650 913 702 dominum
928 656 1059 702 nostrum

419 768 449 778 -
462 769 495 778 -
509 769 543 778 -
557 739 724 807 receperitis
738 739 766 792 in
782 738 933 791 mandatis.
948 721 990 799 (C.
1005 739 1060 800 85).

364 829 436 884 Cum
463 827 605 883 beneficia
630 827 880 882 ecclesiastica-
902 855 934 864 —
956 853 988 863 —
1009 826 1060 878 de·

417 920 561 972 cernimus
579 917 755 984 spoliandos.
776 900 819 983 (C.
839 917 911 980 204).

364 1007 436 1062 Cum
456 1007 486 1060 B.
506 1015 536 1060 et
554 1007 576 1076 J.
592 1005 694 1060 fratres
708 1006 778 1060 dicti
800 1005 839 1060 de
852 1033 885 1042 ·-
900 1033 932 1041 -
948 1032 979 1040 -
994 1019 1058 1056 sen·

417 1097 511 1150 rencia
530 1095 724 1164 percellendo.
747 1079 789 1161 (C.
809 1091 881 1162 186),

365 1185 437 1240 Cum
458 1187 487 1239 B.
508 1187 625 1238 nornine
644 1191 738 1237 sartor
757 1182 883 1235 civitatis
908 1180 1060 1251 Pragensis

417 1305 450 1312 —
471 1305 504 1312 -
524 1303 557 1312 —
577 1289 609 1326 se
628 1273 746 1327 absolvi.
766 1261 806 1338 (C.
826 1269 880 1340 48).

364 1363 437 1419 Cum
456 1364 579 1417 ecclesia
598 1361 771 1429 parochialis
791 1361 818 1412 in
834 1359 1059 1413 ..reconciliata

418 1481 450 1492 -
471 1482 503 1490 -
527 1482 556 1489 -
578 1452 615 1504 sit
635 1459 729 1504 metus
755 1450 885 1502 aliorum.
917 1437 957 1514 (C.
986 1449 1058 1516 159).

364 1543 437 1597 Cum
457 1541 580 1595 ecclesia
600 1539 789 1607 parrochialis
801 1555 823 1592 s.
838 1537 915 1590 Petri
931 1565 963 1575 -
978 1566 1011 1574 -
1026 1566 1058 1574 -

417 1645 517 1684 carere
537 1630 646 1682 viribus
666 1628 869 1682 decernentes.
890 1616 929 1692 (C.
952 1633 986 1694 7).

364 1719 435 1775 Cum
462 1726 629 1772 eternorum
655 1717 760 1770 intuitu
789 1731 823 1768 ea
853 1716 996 1769 seminare
1025 1744 1059 1753 -

419 1837 451 1846 -
472 1837 502 1846 ·-
526 1807 753 1861 misericorditer
776 1807 939 1858 relaxamus
959 1795 999 1871 (ἶ.
1020 1803 1057 1872 9).

363 1897 435 1952 Curn
455 1913 493 1950 ex
512 1896 690 1964 quibusdam
713 1895 842 1949 caritatis
867 1895 1005 1963 operibus
1026 1924 1057 1932 -

419 2015 451 2024 -
471 2015 504 2024 -
524 1985 711 2040 commodum
726 1993 755 2036 et
769 1986 916 2038 honorem.
932 1977 972 2053 (C.
987 1981 1058 2050 223).

364 2075 438 2130 Cum
458 2074 632 2145 frigescente
652 2073 830 2128 karitatis-
846 2102 877 2110 -
899 2101 932 2110 -
952 2073 1058 2139 ample·

417 2164 524 2217 xando.
544 2155 583 2232 ((ἷ.
603 2168 675 2226 116).

363 2253 436 2308 Cum
456 2254 581 2306 heredes
599 2251 704 2306 nobilis
723 2253 776 2305 viri
796 2252 831 2304 H.
853 2282 878 2288 --
907 2279 939 2288 -
955 2280 985 2288 -
1001 2266 1058 2302 non

417 2344 551 2397 obstante
571 2344 617 2396 vei
636 2342 815 2412 quiescente.
835 2330 874 2404 (C.
894 2341 949 2406 92).

364 2430 438 2484 Cum
455 2433 513 2484 iam
533 2431 644 2484 dudum
659 2429 686 2485 S.
700 2431 855 2498 plebanum
872 2429 910 2482 de
931 2459 961 2467 -
977 2458 1009 2467 -
1032 2458 1055 2466 -

418 2536 476 2575 non
496 2521 643 2574 obmittas.
663 2513 702 2587 (C.
723 2519 778 2588 43).

364 2609 436 2663 Cum
456 2609 484 2661 in
504 2609 646 2662 cimiterio
665 2609 790 2661 ecclesie
817 2639 837 2645 -
861 2637 887 2645 —
906 2608 1059 2661 -debeat

419 2698 600 2765 complacere
619 2685 660 2766 (C.
682 2703 751 2762 172).

366 2787 439 2841 Cum
467 2789 496 2840 in
524 2787 713 2855 Lugdunensi
741 2787 865 2840 concilio
901 2815 932 2824 -
963 2813 994 2823 —
1025 2815 1058 2822 -

419 2876 532 2930 iusticie
553 2876 653 2930 debito
672 2877 850 2929 incursuros.
869 2865 908 2945 (C.
928 2876 981 2944 35).

364 2963 438 3019 Cum
463 2967 538 3018 inter
563 2965 691 3019 caritatis
716 2980 859 3032 opera-
883 2993 909 3001 —
934 2993 966 3002 -
988 2965 1058 3018 reci-

419 3055 498 3121 piant
519 3055 674 3108 ulcionem.
695 3045 734 3122 (C.
755 3053 809 3123 86).

365 3141 436 3196 Cum
465 3144 539 3196 inter
567 3159 656 3210 opera
686 3145 816 3198 caritatis
842 3171 875 3181 —
900 3171 925 3179 —
951 3173 977 3181 -
1003 3143 1058 3196 sibi

417 3233 529 3285 senciat
550 3232 703 3298 proluisse.
728 3223 767 3292 (C.
788 3231 860 3302 245).

365 3320 438 3375 Cum
472 3321 554 3374 iuxta
590 3337 739 3376 sacrorum
776 3338 919 3376 canonum
951 3331 1058 3376 statuta

418 3411 649 3464 excomunicatis
670 3439 702 3449 -
724 3441 755 3450 -
780 3441 808 3450 -
830 3412 965 3466 volumus
993 3428 1058 3480 pro-

421 3499 533 3554 mereri.
553 3489 594 3563 (C.
614 3501 668 3566 91).

366 3588 438 3644 Cum
474 3591 556 3642 iuxta
586 3603 735 3642 sacrorum
774 3605 917 3643 canonum
951 3597 1059 3644 statuta

419 3684 551 3730 nostrum
573 3705 604 3714 -
625 3706 659 3715 -
682 3706 715 3716 -
742 3685 773 3730 ut
799 3679 927 3745 expedit,
953 3694 1060 3745 expur-

418 3775 508 3836 gatas.
528 3755 566 3828 (C.
588 3767 642 3834 79).

366 3853 437 3908 Cum
467 3857 673 3910 monasterium
702 3857 796 3910 sancti
825 3855 951 3910 Galli-
973 3885 1006 3894 —
1027 3887 1058 3894 —

420 3945 553 3998 volumus
571 3946 739 4013 promereri.
759 3933 800 4014 (C.
820 3945 892 4014 254),

367 4033 438 4088 Cum
460 4035 528 4088 nihil
549 4035 654 4087 babeat
678 4035 832 4088 viriditatis
852 4062 883 4070 —
905 4063 937 4072 —
958 4064 989 4073 -
1012 4037 1060 4088 mi·

419 4126 496 4177 nime
515 4124 652 4176 valituris.
677 4115 717 4192 (C.
737 4123 809 4189 244).

367 4230 438 4284 Cum
467 4231 572 4284 nobilis
600 4233 643 4283 vir
672 4232 700 4284 B.
730 4231 826 4284 dictus
854 4233 890 4285 de
925 4259 952 4270 —
974 4263 1005 4270 -
1028 4262 1058 4271 -

420 4320 595 4387 compellere
615 4335 672 4372 non
691 4321 835 4374 obmittas.
855 4305 898 4389 (C.
917 4323 971 4388 90).

367 4427 439 4483 Cum
459 4427 562 4480 nobilis
581 4428 624 4479 vir
644 4468 649 4478 .
670 4468 676 4478 .
697 4428 733 4480 de
752 4469 758 4480 .
779 4468 785 4481 .
806 4427 870 4481 loco
890 4445 967 4482 nunc
987 4431 1060 4484 viam

422 4517 554 4568 universe
565 4517 659 4570 carnis
672 4517 819 4586 ingressus
835 4547 863 4553 -
882 4545 913 4555 —
926 4525 1060 4573 -trans-

420 4612 470 4658 eat
488 4605 515 4658 in
535 4605 710 4671 exemplum.
732 4591 774 4666 (C.
796 4611 866 4670 120).

368 4710 440 4766 Cum
459 4711 564 4765 nobilis
583 4712 626 4765 vir
646 4753 651 4764 .
672 4751 677 4764 .
697 4712 734 4764 de
756 4753 761 4764 .
781 4753 786 4764 .
807 4713 872 4768 loco
891 4730 967 4767 nunc
986 4717 1059 4768 viam

421 4799 554 4852 universe
574 4803 668 4854 carnis
687 4803 834 4873 ingressus
853 4829 884 4840 -·
901 4833 937 4840 —
949 4821 1059 4858 —non

421 4889 564 4944 immerito
585 4891 790 4958 prompciores.
811 4874 855 4958 (C.
877 4895 947 4960 121).

367 4995 440 5051 Cum
461 4997 563 5050 nobilis
588 4999 630 5049 vir
649 4997 784 5052 dominus
809 4999 843 5051 H.
863 4999 900 5052 de
920 5029 952 5037 —
974 5029 1004 5037 -
1026 5031 1060 5039 -

421 5086 560 5138 noveritis
580 5087 755 5139 incursuros.
776 5071 819 5152 (C.
838 5090 892 5152 89).

369 5191 441 5246 Cum
459 5207 512 5243 nos
527 5193 679 5244 honesturn
694 5195 786 5246 virum
806 5195 838 5246 N.
858 5196 1012 5260 plebanum
1026 5227 1060 5234 -

423 5311 455 5317 —
469 5282 726 5336 —inviolabiliter
746 5284 903 5337 observari.
925 5270 966 5350 (C.
989 5287 1060 5350 104).

1063 436 1116 487 226

1113 645 1185 701 Cum
1207 647 1296 702 nostri
1316 646 1404 701 oflicii
1424 647 1460 699 sit
1479 648 1609 700 debitum
1632 677 1661 685 -
1678 675 1710 684 -
1727 647 1812 701 -ad

1166 737 1421 791 consumacionem
1442 738 1541 804 operis
1561 737 1698 790 valituris.
1718 723 1761 800 (C.
1776 735 1810 805 5).

1114 825 1187 880 Cum
1215 827 1247 880 N.
1276 828 1438 896 presbyter,
1458 827 1532 881 lator
1552 827 1745 894 presencium,
1773 825 1812 878 ad

1167 917 1262 970 sinum
1290 923 1387 971 vestre
1416 947 1449 955 —
1479 945 1511 954 -
1542 946 1575 954 -
1604 914 1812 968 vicissitudinis

1168 1007 1358 1074 repensivam.
1378 992 1421 1074 (C.
1442 1009 1514 1070 216).

1114 1095 1188 1150 Cum
1207 1111 1282 1163 pena
1300 1111 1371 1149 suos
1389 1103 1504 1150 actores
1530 1101 1630 1146 tenere
1650 1094 1758 1148 debeat
1780 1123 1805 1130 -

1167 1213 1202 1223 -
1221 1185 1422 1238 -sentencia
1442 1183 1628 1252 percellendo
1656 1165 1701 1248 ((3.
1721 1180 1775 1250 64).

1114 1273 1188 1329 Cum
1216 1291 1268 1342 pro
1297 1274 1343 1328 illa
1372 1275 1495 1342 pecunie
1524 1288 1635 1326 summa
1664 1301 1697 1310 -
1725 1299 1756 1309 -
1777 1301 1811 1308 -

1167 1378 1365 1432 supponemus
1385 1362 1549 1416 interdicto.
1569 1347 1612 1428 (C.
1633 1359 1686 1428 73).

1114 1453 1187 1508 Cum
1205 1461 1324 1520 propter
1342 1452 1480 1520 capitales
1499 1451 1713 1504 inimicicias-
1729 1478 1755 1486 -
1778 1478 1807 1486 -

1167 1542 1331 1596 nullatenus
1350 1542 1518 1612 negligatur.
1539 1529 1578 1604 (C.
1599 1537 1669 1606 217).

1114 1631 1187 1686 Cum
1208 1639 1327 1700 propter
1346 1630 1524 1683 honorabilis
1544 1628 1595 1680 viri
1611 1657 1644 1665 -
1659 1655 1689 1664 -
1704 1641 1809 1678 —non

1168 1721 1288 1790 effugies
1308 1721 1460 1773 ulcionem.
1480 1709 1521 1787 (C.
1542 1719 1595 1782 74).

1113 1808 1186 1864 Cum
1206 1817 1324 1878 propter
1349 1807 1479 1862 nondum
1501 1813 1636 1874 pacatum
1654 1812 1762 1858 statum
1778 1831 1808 1841 -

1166 1929 1201 1938 -
1222 1928 1253 1937 —
1275 1898 1440 1965 specialiter
1459 1897 1606 1949 intimetis.
1628 1883 1668 1960 (C.
1690 1895 1761 1960 151).

1113 1989 1186 2044 Cum
1205 1989 1331 2058 quedam
1358 1988 1493 2040 dubietas
1518 2013 1551 2022 -
1578 2014 1611 2022 -
1639 2011 1669 2020 -
1691 1981 1809 2049 propria

1167 2095 1252 2132 manu
1271 2077 1377 2144 scripti.
1396 2059 1439 2144 (C.
1460 2075 1533 2140 251).

1114 2167 1187 2222 Cum
1206 2168 1328 2234 quilibet
1343 2165 1485 2232 plebanus
1504 2171 1533 2216 et
1553 2169 1649 2216 rector
1670 2190 1697 2198 -
1723 2189 1754 2198 —
1777 2189 1809 2196 -

1167 2266 1307 2324 quantum
1319 2255 1357 2308 de
1367 2257 1430 2308 iure
1441 2254 1536 2314 luerit,
1548 2251 1694 2305 iaciemus.
1705 2239 1745 2316 (C.
1756 2251 1809 2314 80).

1113 2344 1187 2398 Cum
1216 2345 1336 2414 quilibet
1363 2350 1547 2411 presumatur
1572 2356 1637 2394 esse
1661 2341 1757 2394 bonus
1777 2367 1808 2376 —

1167 2464 1201 2472 —
1239 2463 1270 2472 -
1310 2434 1513 2487 exhibebimus
1558 2431 1810 2498 complementum.

1168 2515 1207 2590 (c,
1227 2523 1282 2593 83).

1113 2611 1186 2666 Cum
1207 2613 1333 2683 religiosi
1345 2613 1399 2664 viri
1414 2611 1518 2664 iratres
1532 2609 1565 2662 N.
1580 2609 1723 2677 magister,
1734 2604 1810 2660 Con·

1167 2703 1254 2756 radus
1280 2703 1358 2768 prior
1379 2729 1411 2739 —
1431 2730 1466 2737 -
1485 2729 1520 2736 -
1544 2697 1651 2750 luerint
1676 2695 1809 2750 absoluti.

1167 2779 1207 2860 (C.
1228 2793 1281 2858 49).

1114 2879 1187 2934 Cum
1207 2879 1286 2933 salus
1312 2881 1471 2933 animarum
1497 2887 1528 2930 et
1553 2875 1683 2930 remissio
1708 2889 1810 2942 pecca-

1166 2979 1263 3024 torum
1293 2999 1326 3007 —
1353 2997 1384 3006 -—
1412 2997 1446 3006 -
1472 2967 1698 3020 misericorditer
1717 2964 1810 3016 indul-

1167 3074 1276 3128 gemus.
1297 3048 1337 3124 (lt
1357 3063 1427 3122 270).

1114 3148 1186 3203 Cum
1206 3150 1244 3202 sit
1262 3149 1402 3202 indecens
1428 3147 1545 3198 nimium
1573 3174 1604 3183 -
1626 3172 1657 3180 —
1680 3171 1712 3180 -
1731 3141 1810 3210 cogi·

1167 3254 1232 3291 mur
1251 3251 1391 3308 agravare
1411 3225 1451 3302 (C.
1472 3235 1525 3302 71).

1113 3326 1186 3380 Cum
1205 3327 1270 3380 talis
1289 3326 1326 3379 de
1345 3325 1393 3378 tali
1414 3325 1478 3377 loco
1497 3325 1526 3376 in
1546 3323 1629 3375 bonis
1649 3320 1755 3374 nostris
1776 3348 1808 3357 -

1168 3444 1200 3453 -
1220 3421 1304 3466 -te
1331 3413 1448 3468 noveris
1473 3414 1667 3466 incursurum.
1689 3397 1729 3479 (C.
1756 3407 1809 3476 93).

1113 3519 1186 3574 Cum
1211 3529 1452 3574 testamentorum
1477 3519 1633 3573 exsecucio
1663 3545 1694 3556 -—
1722 3545 1753 3554 -
1776 3543 1807 3552 -

1171 3611 1352 3678 prehabitam
1371 3609 1489 3662 evitare.
1511 3597 1550 3673 (C.
1571 3607 1643 3674 123).

1115 3715 1188 3770 Curn
1208 3717 1337 3770 Zbislaus
1357 3716 1453 3770 dictus
1472 3716 1509 3768 de
1528 3714 1648 3768 Trebun
1668 3742 1701 3752 -
1723 3742 1752 3750 -
1776 3741 1807 3750 -

1168 3808 1274 3874 pariter
1293 3813 1322 3858 et
1341 3805 1491 3858 bonorem.
1510 3795 1550 3872 (C.
1571 3801 1641 3872 188).

1116 4039 1248 4101 Decanis,
1274 4039 1394 4104 insuper
1412 4037 1542 4103 plebanis
1566 4043 1595 4087 et
1614 4051 1714 4088 eorum
1733 4036 1809 4088 vica·

1169 4129 1216 4180 riis
1232 4155 1263 4168 -
1280 4157 1310 4164 -
1326 4157 1359 4164 —
1374 4142 1431 4179 non
1451 4127 1587 4180 inmerito
1600 4126 1808 4194 prompciores.

1168 4209 1208 4284 (C.
1229 4219 1264 4283 e).

1115 4309 1160 4360 De
1179 4306 1451 4372 circumspeccionis
1464 4313 1561 4359 vestre
1574 4304 1760 4372 providencia
1777 4333 1807 4341 -

1173 4428 1200 4434 --
1237 4425 1268 4432 -
1303 4423 1333 4432 -—
1374 4393 1572 4447 misericordia
1609 4395 1807 4460 temperando.

1169 4477 1209 4543 (d.
1230 4487 1301 4549 133).

1116 4575 1159 4626 De
1179 4574 1299 4627 consilio
1318 4575 1388 4626 iuris
1407 4575 1564 4642 peritorum
1585 4603 1615 4610 —
1638 4603 1672 4610 -
1693 4602 1723 4610 -
1744 4589 1808 4640 pro·

1169 4663 1246 4717 liciat
1265 4663 1302 4716 ad
1321 4663 1452 4716 salutem.
1473 4652 1513 4730 (C.
1534 4661 1603 4729 131),

1115 4753 1158 4804 De
1178 4768 1253 4806 nove
1272 4751 1381 4805 sobolis
1406 4767 1481 4805 nova
1498 4753 1648 4805 nativitate
1668 4781 1700 4790 -
1722 4781 1737 4788 —
1776 4782 1809 4789 —

1170 4841 1287 4894 minime
1306 4842 1444 4894 valituris.
1465 4829 1504 4908 (C.
1524 4840 1594 4909 228).

1115 4929 1158 4983 De
1177 4937 1275 4984 vestre
1294 4931 1454 4983 honestatis
1475 4931 1662 4996 providencia
1687 4960 1711 4968 -·
1732 4959 1754 4967 ·-
1777 4961 1807 4968 -

1167 5018 1404 5073 affectuosissime
1441 5019 1606 5072 curabimus
1642 5022 1808 5086 promereri.

1169 5099 1282 5175 (014).

1114 5199 1157 5251 De
1178 5207 1273 5251 vestre
1292 5199 1473 5266 paternitatis
1492 5199 1648 5254 clemencia
1669 5230 1701 5238 —
1724 5231 1750 5238 -
1775 5228 1802 5240 -

1167 5288 1321 5356 dignemini
1342 5289 1490 5342 adhibere.
1516 5277 1554 5354 (C.
1576 5291 1639 5358 195)
