3968 5848
898 305 932 356 6³

191 541 271 596 sum,
303 523 397 603 quod
422 541 483 602 pro
507 530 616 584 vestre
640 521 903 584 contribucionis
927 527 1031 597 parte,
1055 518 1134 580 olim
1159 537 1203 580 ex
1227 537 1330 580 causa
1355 519 1635 595 procuracionum

190 631 314 692 domini
332 629 431 712 legati
445 630 533 692 sedis
550 628 735 708 apostolice
752 627 847 691 vobis
864 629 1010 705 inposita
1027 625 1069 688 ad
1086 625 1291 699 solvendum,
1309 625 1448 705 pignora
1462 624 1636 706 Pragensis

190 734 329 798 ecclesie
341 746 455 798 nostre
469 738 532 800 sub
544 737 653 798 usuris
670 735 759 812 apud
777 733 903 814 Judeos
920 733 1105 814 Pragenses
1121 732 1251 794 diucius
1268 741 1464 794 remaneant
1481 731 1635 814 obligata,

189 843 344 925 quoniam
369 854 509 924 possunt
533 845 605 922 ipsa
630 843 691 906 hiis
707 841 802 904 malis
818 842 1027 920 temporibus
1044 847 1139 901 casu²
1156 839 1294 901 fortuito
1311 858 1355 900 ex
1372 837 1459 901 sacili
1474 839 1635 916 deperire,

189 951 373 1014 honestatis
404 961 513 1012 vestre
544 949 795 1029 providenciam
827 948 939 1011 adhuc
970 941 1064 1030 (h)ac
1096 949 1168 1007 vice
1199 964 1376 1008 monemus
1407 947 1571 1008 attencius
1603 954 1636 1006 et

188 1059 368 1136 hortamur,
404 1066 569 1137 quatenus
605 1057 893 1119 contribucionem
925 1057 1033 1135 ipsam
1065 1073 1140 1115 cum
1172 1053 1289 1126 usuris,
1325 1073 1390 1134 que
1422 1073 1524 1133 super
1559 1072 1635 1114 eam

187 1173 405 1228 accreverunt
428 1165 591 1226 hactenus
613 1173 648 1225 et
671 1175 876 1235 accrescunt,
901 1164 933 1224 in
958 1164 1048 1224 bono
1073 1171 1105 1222 et
1129 1179 1215 1240 puro
1240 1170 1378 1242 argento
1394 1161 1536 1222 finaliter
1552 1159 1636 1221 iufra

187 1272 390 1335 dominicam
427 1272 611 1350 palmarum
647 1272 800 1350 proxime
836 1277 1009 1332 venturam
1047 1268 1190 1330 honesto
1221 1269 1291 1330 viro
1309 1318 1315 1330 .
1334 1263 1361 1329 ‚b
1385 1270 1525 1330 sacriste
1558 1266 1634 1328 Pra-

187 1381 292 1462 gensic
328 1382 489 1460 assignari
525 1379 726 1460 integraliter
763 1379 833 1440 sine
869 1377 1098 1439 diminucione
1133 1375 1281 1456 qualibet
1316 1374 1452 1451 laciatis,
1487 1375 1635 1454 alioquin

186 1488 521 1550 excomunicacionis
552 1489 769 1558 sentenciam,
807 1504 907 1566 quarn
940 1493 1056 1547 contra
1080 1503 1141 1545 vos
1165 1483 1363 1545 auctoritate
1387 1483 1512 1545 domini
1537 1481 1635 1562 legati

186 1596 327 1673 predicti
352 1593 559 1674 protulimus,
583 1601 793 1674 agravantes‚
818 1592 978 1654 ecclesias
1002 1589 1221 1672 parochiales,
1246 1591 1279 1651 in
1304 1589 1426 1670 quibus
1449 1591 1500 1651 ius
1525 1597 1633 1666 patro-

185 1711 281 1765 natus
314 1701 453 1778 habetis‚
485 1700 688 1762 subiciemus
719 1708 752 1762 et
783 1699 887 1763 subici
913 1698 1071 1760 iaciemus
1096 1697 1323 1760 ecclesiastico
1349 1696 1536 1772 interdicto,
1567 1696 1634 1756 uni-

184 1828 297 1871 versos
329 1818 459 1871 vestros
490 1817 523 1868 et
554 1808 746 1869 monasterii
772 1809 872 1869 vestri
895 1807 1049 1869 homines
1073 1824 1179 1886 usque
1203 1802 1247 1865 ad
1271 1803 1532 1866 satisfactionem
1558 1822 1636 1864 con-

184 1917 322 1998 dignam
336 1914 412 1977 licet
429 1915 519 1977 inviti
537 1935 556 1975 a
573 1914 746 1994 sepultura
762 1924 796 1976 et
811 1915 922 1976 divino
937 1913 1048 1976 officio
1061 1931 1218 1974 excausa
1233 1911 1409 1991 prehabita
1421 1911 1634 1973 removendo.

187 2023 313 2087 Omnes
344 2040 491 2103 namque
524 2031 557 2082 et
588 2020 706 2102 singuli
739 2019 855 2098 prelati
887 2019 940 2080 alii
965 2019 1114 2099 exempti
1138 2029 1171 2080 et
1194 2038 1263 2080 non
1288 2021 1438 2096 exempti
1463 2017 1637 2099 Pragensis

186 2133 327 2192 civitatis
351 2139 385 2191 et
408 2129 573 2207 dyocesis,
596 2129 691 2190 vobis
709 2129 886 2190 dumtaxat
903 2129 1065 2206 exceptis,
1090 2125 1239 2188 lecerunt
1255 2127 1288 2188 in
1305 2125 1369 2186 hoc
1387 2145 1467 2187 casu
1483 2135 1636 2204 tempore

186 2257 333 2319 congruo
365 2236 416 2297 vel
448 2236 565 2298 debito
597 2235 690 2316 quod
721 2228 937 2309 debuerant,d
973 2245 1006 2296 et
1039 2242 1177 2313 propter
1203 2233 1267 2295 hoc
1291 2233 1493 2294 sentenciam
1519 2242 1635 2294 contra

189 2364 245 2406 vos
269 2345 371 2406 latam
395 2363 462 2407 non
488 2340 683 2425 (immerito
709 2344 859 2425 cogimur
882 2359 1050 2422 agravare.
1076 2338 1200 2402 Datum
1225 2348 1286 2402 etc.

287 2518 348 2571 Fol.
368 2524 401 2570 11
422 2517 445 2570 ἐ.
467 2521 508 2576 71,
529 2517 575 2570 tei
589 2515 900 2584 vrukopisekapituly
914 2514 1062 2582 PraiskeJ
1077 2512 1263 2568 ⁴0⁵f01.248‘.
1283 2513 1310 2569 Ο
1325 2513 1462 2569 datovanl
1476 2529 1532 2567 srv.
1548 2528 1632 2580 pozn.

186 2625 204 2661 u
224 2607 273 2662 dis.
293 2613 337 2672 ⁶³,
357 2607 461 2661 neddle
480 2605 587 2660 kvetna
606 2605 729 2672 piipada
748 2622 769 2658 r.
792 2608 860 2659 1288
880 2619 917 2658 na
936 2609 969 2657 21
990 2604 1105 2657 biezen.

887 2945 939 3009 72.

193 3091 317 3175 Biskup
353 3091 385 3154 Τ
380 3091 472 3153 0ὸίάέ
500 3090 649 3172 narbauje
679 3089 852 3166 ddkamlm,
886 3089 948 3169 aby
965 3089 1145 3186 prohldsr'li
1165 3086 1321 3150 r'nterdikt
1342 3087 1412 3149 nad
1432 3086 1553 3168 kostely
1583 3107 1636 3149 ne·

201 3198 417 3280 mnovany'clz
441 3199 544 3275 opatu,
568 3197 655 3261 kretz'
674 3197 785 3272 dosud,
817 3198 860 3259 ad
877 3198 918 3260 do
941 3195 1049 3277 klatby
1072 3195 1163 3272 da‘m',
1185 3193 1376 3273 nesaplatili
1398 3214 1441 3256 na
1459 3194 1638 3274 prokuraci

740 3302 941 3386 papeiskllzo
964 3303 1083 3384 legdta.

1400 3403 1526 3492 (raas).

184 3573 372 3655 Episcopus
403 3574 542 3636 mandat
573 3573 715 3648 decano,
749 3583 786 3634 ut
817 3579 894 3651 post
925 3571 1011 3634 duas
1035 3573 1238 3652 septimanas
1263 3569 1444 3632 abbatis..
1470 3567 1630 3630 ecclesias

306 3691 447 3760 poneret
471 3681 532 3742 sub
558 3681 737 3743 interdicto
762 3687 901 3758 propter
925 3696 991 3741 non
1017 3679 1176 3740 solutame
1200 3677 1500 3740 contribucionem.

286 3835 486 3924 Th(0bias)s
516 3841 569 3902 dei
601 3844 714 3922 gracia
746 3849 808 3902 etc.
842 3838 966 3901 dilecto
998 3841 1030 3900 in
1062 3834 1194 3902 Christo
1226 3837 1360 3900 filios
1391 3836 1571 3898 decano..
1596 3843 1633 3897 et

179 3951 338 4012 universis
361 3947 432 4011 aliis
457 3948 593 4010 decanis
618 3947 958 4010 archidiaconatus..
984 3945 1124 4008 salutem
1148 3946 1181 4008 in
1204 3945 1353 4008 domino.
1385 3941 1472 4022 Quia
1498 3941 1629 4004 honesti

156 4045 159 4059 ’
180 4059 238 4119 viri
271 4057 399 4119 domini
431 4055 523 4118 de..
547 4055 640 4118 de..
666 4065 700 4116 et
724 4053 767 4116 de
785 4101 791 4115 .
811 4103 818 4116 .
842 4055 983 4116 abbates
1007 4052 1275 4117 contribuciones
1299 4052 1363 4114 sibi
1386 4051 1560 4130 impositas
1584 4068 1628 4111 ex

180 4184 279 4227 causa
304 4165 582 4244 procuracionum
607 4163 737 4224 domini
761 4161 859 4245 legati
884 4159 973 4222 sedis
997 4159 1181 4239 apostolice
1204 4158 1335 4220 solvere
1352 4156 1515 4219 hactenus
1531 4158 1629 4219 nimis

179 4272 278 4355 longo
314 4281 468 4349 tempore
503 4289 570 4333 non
604 4279 810 4344 curaverunt,
842 4267 1172 4330 excomunicaeionis
1203 4267 1408 4328 sentenciam
1443 4272 1562 4326 contra
1592 4283 1629 4326 se

179 4378 341 4458 prolatam
356 4377 512 4440 indurato
525 4377 636 4439 animo
654 4377 763 4438 minus
775 4375 916 4456 provide
934 4382 1218 4453 contempnentes,
1234 4379 1414 4450 eapropter
1431 4369 1628 4434 discrecioni

179 4495 286 4547 vestre
317 4485 380 4548 sub
412 4503 499 4565 pena
532 4483 865 4546 excomunicacionis
889 4482 1010 4546 damus
1033 4480 1170 4544 firmiter
1194 4481 1226 4542 in
1250 4478 1429 4560 preceptis,
1463 4486 1629 4558 quatenus

179 4603 255 4673 post
287 4591 420 4672 lapsum
451 4593 554 4672 spacii
586 4591 777 4672 quindecim
801 4589 930 4653 dierum
956 4609 975 4651 a
1000 4587 1197 4668 recepcione
1221 4587 1434 4667 presencium
1458 4583 1629 4660 ecclesias,

179 4701 210 4762 in
246 4700 368 4780 quibus
402 4699 544 4760 abbates
578 4698 642 4778 ipsi
674 4699 724 4759 ius
760 4698 913 4758 obtinent
944 4703 1151 4777 patronatus,
1186 4691 1414 4756 ecclesiastico
1450 4690 1626 4754 interdicto

180 4809 334 4870 subicere
357 4805 546 4868 nullatenus
571 4803 739 4880 differatis,
763 4805 936 4868 universos
959 4807 1109 4884 ipsorum
1134 4800 1285 4863 homines
1301 4809 1334 4863 et
1351 4818 1469 4862 eorum
1485 4795 1627 4860 familias

181 4993 392 5002 -—--—·——

284 5055 313 5120 a)
333 5069 360 5117 ,a
378 5057 458 5107 casu·
478 5053 517 5105 In.
538 5079 571 5090 -
591 5052 621 5118 b)
642 5049 693 5115 ,G.‘
714 5050 787 5119 Kap.
797 5049 822 5118 J.
841 5077 875 5089 -
895 5048 922 5118 c)
939 5047 1099 5118 ,Pragensis
1109 5045 1240 5101 ecclesie*
1253 5044 1327 5114 Kap.
1338 5043 1360 5113 J.
1381 5073 1413 5084 ·-
1434 5043 1464 5111 d)
1484 5040 1630 5109 ,debeant‘

179 5141 217 5195 ln.
238 5171 269 5180 -
290 5141 586 5210 e),solvendam¹1n.
606 5168 638 5179 -
658 5138 681 5208 i)
701 5139 863 5209 ,Johannes‘
883 5138 954 5206 Kap.
966 5135 989 5204 J.
1010 5165 1041 5176 -
1062 5136 1090 5206 g)
1110 5137 1158 5199 .B.⁴
1184 5134 1256 5204 Kap.
1273 5133 1296 5204 J.
