3968 5848
909 417 960 468 139

901 631 973 694 175.

214 771 335 855 Biskup
366 771 482 834 Tobios*
509 773 757 857 ospravedlrluje
787 795 823 837 se
852 773 1093 858 arcibrskupooi
1115 775 1345 838 Mohulske'mu
1372 772 1591 850 Jindrzttovi,
1621 779 1658 836 de
1768 784 1812 797 ·

210 881 340 942 vlr'icr‘m
372 882 432 941 sal
458 880 577 943 dacese
606 881 789 944 maakdaal
816 882 1031 944 navitdvovat
1061 881 1185 944 kloster
1205 902 1227 944 v
1254 881 1447 946 Garinhainu
1478 883 1543 955 tr‘m,
1567 881 1604 942 de
1618 882 1658 962 je
1778 873 1782 881 ¹

211 987 333 1066 ryzval,
357 986 417 1067 aby
448 1007 486 1050 ve
513 987 631 1068 svdtlcy
656 990 797 1070 patronii
828 988 959 1069 lesky'ch
990 989 1100 1072 radlji
1127 989 1350 1053 navltdvovali
1378 987 1481 1050 kostel
1501 987 1657 1068 Pralskj.
1739 1037 1757 1084 ν

972 1151 1080 1230 (1286
1097 1149 1208 1214 kvtten
1231 1185 1275 1194 -
1300 1149 1390 1213 1288
1410 1148 1548 1230 blezen).

366 1290 556 1370 Episcopus
582 1292 732 1354 rescribit
763 1293 1018 1372 archiepiscopo
1043 1315 1105 1356 suo
1133 1295 1294 1370 domino,a
1318 1294 1409 1374 quod
1434 1313 1501 1358 non

365 1398 609 1462 contradixerit
633 1400 834 1478 dyocesanis
858 1402 936 1472 suis,
960 1401 1051 1481 quod
1084 1421 1152 1464 non
1183 1401 1345 1466 deberent
1368 1403 1500 1464 visitare

545 1505 683 1568 domurn
708 1509 813 1570 sancti
840 1505 994 1586 Nycolay
1018 1511 1050 1570 in
1076 1501 1313 1586 Grunthaym.b

316 1648 511 1710 Reverendo
548 1649 579 1710 in
612 1645 747 1711 Christo
784 1653 869 1726 patri
905 1670 966 1712 suo
999 1659 1033 1712 et
1067 1651 1206 1713 domino
1243 1645 1419 1728 H(enrico)
1455 1649 1510 1710 dei
1546 1651 1656 1730 gracia

211 1767 324 1816 sancte
350 1754 544 1836 Magantine
569 1755 659 1817 sedis
683 1757 950 1838 archiepiscopo,
974 1759 1056 1820 sacri
1081 1757 1210 1837 imperii
1235 1777 1293 1836 per
1311 1757 1527 1820 Germaniam
1552 1755 1659 1818 archi-

213 1862 418 1935 cancellario,
442 1860 645 1946 Th(obias)c
670 1863 844 1946 Pragensis
875 1867 1057 1946 episcopus
1088 1865 1282 1928 omnimode
1314 1865 1535 1928 subieccionis
1566 1883 1657 1926 reve·

212 1971 356 2030 renciam
389 1979 422 2031 et
455 1971 626 2032 honorem.
677 1971 873 2034 Reverende
909 1974 1120 2052 paternitatis
1154 1987 1262 2035 vestre
1297 1975 1382 2034 votis
1418 1973 1449 2034 in
1482 1991 1533 2049 eo,
1564 1972 1656 2052 quod

212 2078 450 2138 monasterium
482 2077 524 2138 de
549 2074 820 2158 Grunhaymb¹l
839 2089 874 2142 et
904 2083 1061 2143 abbatem
1087 2100 1126 2142 ac
1151 2090 1348 2143 conventum
1381 2083 1454 2143 eius
1484 2089 1657 2159 tamquam

211 2185 281 2264 pius
306 2196 401 2263 pater
426 2200 459 2247 et
483 2186 641 2248 dominns
665 2190 865 2268 propensius
888 2189 1026 2270 diligitis
1046 2200 1077 2250 et
1097 2187 1225 2262 fovetis,
1249 2198 1357 2250 totum
1382 2207 1482 2268 posse
1505 2197 1657 2249 nostrum

210 2303 366 2370 coaptare
392 2303 529 2371 propter
550 2303 692 2356 vestram
713 2303 746 2356 et
767 2305 881 2357 sancte
900 2293 1093 2376 Maguntine
1119 2295 1261 2358 ecclesie
1286 2297 1521 2368 reverenciam,
1541 2296 1657 2355 matris

210 2410 319 2460 nostre
352 2411 385 2461 et
416 2401 561 2476 domine,
585 2403 769 2480 cupientes,
795 2401 982 2481 proiectum
1006 2403 1158 2465 eiusdem
1190 2403 1384 2464 monasterii
1416 2420 1483 2463 non
1515 2401 1658 2480 impedi·

211 2507 313 2568 vimus
334 2527 395 2568 nec
417 2507 569 2570 volumus
592 2510 801 2590 aliquatenus
820 2510 992 2588 impedire,
1010 2511 1070 2571 sed
1095 2511 1207 2589 potius
1230 2509 1291 2572 sibi
1317 2510 1479 2588 prodesse
1495 2508 1657 2580 volumus,

212 2625 246 2674 ut
270 2615 442 2690 debemus,
467 2615 551 2690 licet,
577 2615 854 2694 predecessorum
886 2625 1078 2679 nostrorum
1101 2616 1243 2698 vestigiis
1275 2617 1474 2690 inherentes,
1498 2615 1657 2677 exhorta-

212 2723 340 2782 cionem
365 2722 534 2801 publicam
567 2742 662 2784 more
696 2723 796 2785 solito
830 2723 1005 2786 fecerimus
1029 2733 1062 2784 et
1087 2723 1188 2786 olficii
1213 2724 1316 2786 nostri
1345 2723 1462 2786 debito
1486 2721 1658 2796 iaciamus,

211 2838 245 2890 ut
278 2827 514 2892 festivitatibus
545 2840 764 2910 patronorum
795 2830 970 2912 Pragensis
1002 2830 1143 2893 ecclesie
1178 2841 1291 2893 nostre
1327 2834 1446 2908 pocius
1480 2829 1656 2893 ecclesiam

211 2938 313 3012 ipsam
340 2956 439 3017 quam
472 2939 570 3000 aliam
596 2940 626 2999 in
653 2940 843 3001 reverencia
875 2939 1038 3001 habentes
1070 2939 1183 3001 debita
1214 2937 1331 3001 fideles
1355 2935 1475 3002 Christi
1500 2938 1657 3021 congruis

210 3041 355 3106 debeant
380 3045 564 3107 honoribus
588 3044 811 3126 frequentare.
858 3045 959 3109 Unde
983 3047 1008 3108 si
1034 3043 1119 3108 forte
1152 3046 1379 3109 dominacioni
1404 3055 1511 3108 vestre
1534 3045 1567 3106 in
1592 3043 1657 3108 hoc

210 3168 287 3213 casu
320 3151 411 3213 aliud
443 3162 494 3214 est
528 3154 678 3230 relatum,
702 3155 848 3232 petimus
880 3153 1098 3228 confidenter,
1122 3162 1158 3216 ut
1183 3153 1300 3216 relatui
1332 3153 1525 3216 huiusmodi
1556 3151 1655 3214 fidem

211 3257 379 3320 credulam
413 3269 522 3322 vestra
558 3263 744 3338 paternitas
778 3279 846 3322 non
882 3261 1050 3336 adhibeat,
1085 3261 1162 3341 quia
1194 3279 1261 3322 non
1293 3263 1385 3324 omni
1420 3253 1573 3340 spirituid
1606 3271 1657 3322 est

210 3365 438 3429 credendum.⁸

314 3522 376 3578 Fol.
395 3527 428 3576 27
456 3523 472 3577 d
503 3529 563 3582 175,
583 3526 628 3576 tel
655 3541 672 3576 v
699 3527 741 3580 rlr.
767 3526 897 3597 kapituly
923 3526 1047 3581 Praislre
1077 3521 1238 3593 Kathv
1258 3523 1304 3578 sol.
1325 3529 1377 3578 259
1423 3523 1656 3594 Chronologiclre

210 3626 287 3664 meze
320 3613 417 3682 davajl
453 3613 519 3666 listu
551 3621 665 3667 tomuto
704 3615 760 3668 leta
793 3618 937 3682 panovdni
961 3615 1107 3686 jindiicha
1139 3615 1323 3683 arcibiskupa
1354 3613 1554 3668 Mohutskeho
1586 3615 1656 3665 1286

210 3700 312 3755 kreten
334 3708 367 3755 15
389 3729 421 3742 -
443 3703 512 3755 1288
533 3703 637 3756 biezen
659 3709 701 3756 17.

319 3829 337 3894 ¹)
358 3826 507 3881 Gri'rnhain
528 3845 545 3882 v
565 3828 666 3883 Saslru.

900 4067 971 4130 176.

209 4205 332 4290 Biskup
354 4207 384 4270 T
380 4207 472 4272 obia's'
484 4211 676 4292 dopomduse
699 4207 909 4272 kardz'ndlovi
931 4208 1089 4282 Latinovi,
1106 4207 1276 4286 biskupovr'
1296 4227 1317 4269 v
1338 4204 1424 4270 Ostii
1445 4226 1467 4268 a
1492 4205 1655 4276 Veletreclr,

422 4319 537 4378 mrstra
562 4317 693 4398 Rapotu
707 4316 846 4398 jakodto
868 4316 963 4380 sarto
986 4314 1266 4396 splnomocnlndho
1289 4313 1448 4396 adstupce.

1282 4471 1545 4557 (ram-raas).

438 4619 550 4682 Litera
575 4621 751 4683 credencie
776 4621 818 4682 ad
844 4621 1047 4683 cardinalem
1073 4640 1117 4682 ex
1142 4629 1237 4700 parte
1261 4620 1420 4699 episcopi.

316 4763 514 4825 Reverendo
540 4767 573 4825 in
598 4761 732 4826 Christo
765 4765 851 4843 patri
883 4783 945 4825 suo
971 4773 1004 4826 et
1028 4763 1166 4826 domino
1198 4761 1289 4824 iratri
1315 4761 1435 4824 Latino
1467 4761 1522 4823 dei
1546 4759 1656 4841 gracia

210 4867 379 4932 Hostiensi
404 4879 437 4932 et
455 4870 669 4933 Welletrensi
693 4873 857 4950 episcopo
882 4869 1043 4932 cardinali
1068 4864 1248 4952 Th(obias)
1274 4868 1450 4951 Pragensis
1475 4871 1655 4949 episcopus

208 4978 401 5040 omnimode
418 4979 642 5042 subieccionis
659 4981 883 5041 reverenciam
901 4988 968 5040 tam
987 4978 1136 5040 debitam
1153 4995 1253 5058 quam
1271 4976 1438 5038 devotam.
1464 4973 1655 5036 Honestum

208 5109 389 5119 -------
406 5115 421 5119 -

312 5192 340 5260 a)
353 5175 430 5252 ,ddo‘
450 5190 488 5245 ln.
509 5219 542 5230 -
562 5189 592 5260 b)
612 5189 715 5244 Schdzi
740 5205 758 5244 v
777 5188 849 5257 Καρ.
863 5188 885 5257 J.
906 5218 939 5227 -
959 5191 985 5256 c)
1007 5189 1064 5257 ‚Jo‘
1084 5187 1157 5256 Kap.
1169 5185 1192 5254 J.
1212 5216 1245 5227 —
1266 5187 1296 5251 d)
1316 5173 1401 5254 ,spui‘
1422 5185 1462 5238 ln.
1483 5213 1515 5223 —
1536 5182 1563 5251 e)
1583 5199 1655 5250 ,cre-

207 5277 284 5332 dere⁴
304 5279 353 5342 In,
373 5281 571 5344 ,credendum‘
593 5281 664 5347 Kap.
675 5281 697 5349 J.
