3968 5848
884 445 935 496 1⁴9

184 657 256 733 ipse
290 655 371 718 feria
403 664 537 737 quartaa
574 667 651 737 post
680 658 873 722 iamdictam
908 657 1114 723 dominicam
1144 669 1258 721 sancte
1289 661 1454 736 trinitatis,
1486 663 1630 737 septimo

186 764 243 826 die
272 764 428 826 videlicet
463 765 561 843 spolii
593 768 686 844 prius
717 763 803 841 iacti,
840 785 916 828 cum
940 761 1189 828 Zwihowconeb
1215 775 1248 828 et
1280 753 1351 828 aliis
1375 767 1443 829 suis
1467 770 1631 845 perversis

190 872 405 950 complicibus
437 881 470 932 et
501 873 622 953 iniquis
658 875 787 935 irruens
823 872 987 935 hostiliter
1021 892 1104 935 ausu
1139 872 1303 954 sacrilego
1339 892 1441 952 super
1466 873 1582 935 Disnik
1597 869 1630 955 ¹),

188 972 368 1060 Cristan⁰²)
394 988 427 1041 et
451 979 532 1042 alias
556 979 650 1042 villas
674 983 891 1060 episcopatus
914 981 1019 1043 nostri
1042 983 1123 1041 sitas
1146 977 1236 1058 a'pud
1254 979 1402 1060 Pragam,
1425 998 1551 1062 greges,
1576 999 1632 1041 an·

191 1105 317 1161 nonam,
342 1097 462 1166 vestes,
486 1107 604 1167 equos,
628 1088 785 1163 iumenta,
809 1106 929 1150 vaccas
953 1099 986 1149 et
1013 1087 1174 1168 quidquid
1199 1087 1324 1149 ibidem
1352 1088 1498 1150 invenire
1523 1090 1632 1167 potuit

191 1187 288 1254 sicutd
315 1195 407 1273 prius
439 1193 482 1257 ad
507 1205 617 1256 castra
649 1215 710 1258 sua
734 1195 880 1258 abduxit
915 1205 1042 1258 temere
1065 1205 1099 1256 et
1122 1194 1274 1256 deduxit.
1313 1192 1427 1274 Quare
1452 1197 1635 1257 maiestatis

192 1311 295 1362 vestre
319 1300 575 1379 precellenciam
592 1303 679 1364 sicut
702 1321 763 1381 per
787 1303 916 1382 priores
940 1301 1068 1364 litteras
1083 1311 1215 1365 nostras
1239 1303 1286 1364 sic
1310 1311 1345 1364 et
1361 1319 1448 1364 nunc
1467 1302 1632 1364 humiliter

190 1407 417 1488 deprecamur,
448 1419 614 1489 quatenus
646 1417 784 1488 propter
816 1409 916 1472 deum
940 1417 974 1470 et
998 1419 1113 1472 sancte
1137 1408 1312 1490 Pragensis
1336 1408 1485 1482 ecclesie,
1517 1411 1632 1472 matris

193 1525 303 1587 vestre,
341 1515 565 1577 reverenciam
590 1525 623 1577 et
647 1534 797 1578 amorem
833 1536 872 1579 ac
897 1527 1088 1579 nostrarum
1124 1535 1262 1597 precum
1299 1516 1419 1579 intuitu
1456 1517 1633 1596 providere

193 1620 379 1702 dignemini,
415 1621 507 1702 quod
540 1623 637 1686 nobis
669 1633 702 1684 et
725 1624 847 1686 nostris
883 1626 1098 1686 restituantur
1125 1623 1247 1700 ablata,
1272 1633 1305 1686 et
1336 1623 1380 1685 de
1403 1634 1516 1686 cetero
1547 1625 1632 1687 tales

193 1728 284 1790 nobis
309 1739 343 1790 et
366 1729 488 1791 nostris
511 1728 674 1793 violencie
708 1729 898 1792 nullatenus
922 1727 1113 1809 inferantur,
1138 1740 1183 1808 ut,
1207 1733 1293 1794 sicut
1317 1732 1407 1812 prius
1431 1733 1631 1810 scripsimus

193 1838 231 1896 ab
255 1835 529 1915 oppressionibus
553 1845 586 1898 et
610 1835 746 1900 offensis
778 1837 1016 1918 aliquantulum
1041 1839 1206 1917 respirare
1229 1839 1394 1918 possimus
1418 1840 1461 1900 ad
1485 1849 1631 1901 vestrum

190 1943 394 2024 obsequium,
418 1943 558 2024 gloriam
583 1945 705 2025 pariter
730 1953 763 2006 et
787 1945 959 2007 honorem.

294 2116 354 2170 Fol.
381 2115 428 2171 29'
452 2117 476 2172 c.
503 2121 562 2182 188,
588 2118 633 2172 tei
660 2135 678 2171 v
697 2121 836 2187 rukopise
861 2119 991 2188 kapituly
1014 2119 1138 2174 Praiske
1161 2119 1174 2188 J
1194 2117 1241 2172 ⁴0¹*
1261 2119 1308 2174 iol.
1328 2125 1380 2174 243
1400 2136 1416 2174 a
1436 2137 1453 2172 v
1474 2122 1515 2174 rk.
1536 2121 1631 2174 wilhe-

192 2206 312 2261 rinslrem
332 2213 366 2260 st.
386 2211 419 2260 65
440 2223 454 2259 s
474 2209 659 2276 nespravnou
678 2209 802 2262 amenou
821 2209 879 2262 neb
904 2209 1096 2278 vynechanim
1113 2210 1191 2278 jmen
1212 2207 1349 2278 <palacii
1373 2209 1631 2263 Formelbticherl

190 2304 222 2350 st.
242 2301 301 2360 325,
321 2295 419 2350 Emler
438 2295 494 2351 RB.
515 2297 539 2350 ll
558 2297 582 2352 ὄ.
603 2301 681 2360 1992,
701 2303 736 2364 3).
767 2297 793 2352 O
813 2299 951 2352 datovam
975 2315 1052 2352 srov.
1072 2299 1236 2367 poznamku
1255 2315 1274 2352 u
1294 2299 1547 2367 piedchlzejiciho
1565 2299 1632 2352 listu

190 2387 308 2439 anvod.
329 2383 392 2439 List
410 2393 492 2441 tento
512 2389 583 2455 psan
603 2388 651 2456 byl
671 2388 902 2455 beaprostiedne
928 2403 967 2455 po
986 2395 1080 2441 tomto
1099 2387 1253 2458 vypleneni
1273 2387 1471 2458 biskupskych
1492 2389 1543 2452 vsi,
1563 2389 1633 2458 tedy

192 2474 256 2544 bray
275 2491 313 2543 po
333 2475 481 2540 8dervnu,
502 2475 653 2544 ponevadi
667 2477 774 2545 biskup
793 2477 884 2546 pravi,
904 2477 937 2530 ie
956 2480 1028 2547 prvi¹
1047 2479 1128 2546 posel
1142 2478 1214 2530 snad
1232 2477 1306 2546 jaste
1327 2479 1365 2530 ku
1385 2478 1457 2530 lrrili
1476 2478 1632 2531 nedorazil.

298 2599 318 2666 ¹)
339 2599 472 2670 Duinilvy
491 2602 564 2654 mezi
584 2599 697 2654 Prahou
717 2617 734 2654 a
753 2602 927 2655 Berounem.
947 2631 980 2640 —-
1003 2601 1024 2670 ⁸)
1043 2597 1205 2682 Christany
1224 2601 1338 2656 tamtei.

872 2928 944 2991 189.

193 3067 311 3149 Biskup
336 3065 386 3151 (T
382 3065 487 3146 obrui)
509 3069 630 3152 stldrrje
651 3071 683 3132 si
704 3070 793 3132 kra‘l'
807 3067 1024 3150 (Vriclavovz),
1048 3069 1085 3130 rie
1112 3067 1213 3141 Jenec
1235 3089 1257 3130 a
1280 3068 1384 3132 bratr'z‘
1397 3069 1486 3152 jelro,
1518 3071 1638 3150 synove'

194 3173 358 3257 Hroanaty
372 3171 404 3259 (z
420 3173 548 3258 Husic),
563 3178 719 3258 piepadli
731 3177 886 3257 poddanl
896 3175 978 3260 salto
992 3177 1140 3258 Jdoucz'z
1155 3175 1319 3238 Benelova
1337 3197 1380 3238 na
1392 3177 1444 3238 trlz
1456 3178 1497 3238 do
1516 3177 1631 3258 Pralzy,

457 3283 571 3346 mnohe'
590 3284 714 3347 aranili
734 3305 755 3345 a
779 3287 819 3348 do
842 3283 1005 3347 Hradis'tl
1024 3285 1065 3346 do
1088 3285 1192 3366 ausiti
1212 3282 1358 3346 odvlekli.

1398 3421 1524 3508 (1289).

276 3568 330 3632 Ad
356 3570 445 3633 idem
471 3571 652 3650 episcopus
677 3573 892 3652 conqueritur
916 3571 983 3652 regi
1007 3568 1063 3636 lde
1089 3567 1171 3646 hiis),
1196 3570 1252 3650 qui
1277 3587 1356 3637 suos
1381 3569 1531 3632 homines

614 3677 866 3756 captivaverunt
889 3685 923 3739 et
946 3677 1209 3738 vulneraverunt.

293 3820 528 3884 Dominacioni
545 3831 653 3883 vestre
673 3841 748 3883 curn
770 3823 895 3902 gemitu
913 3821 1147 3901 conquerimur
1164 3827 1197 3880 et
1213 3819 1341 3892 dolore,
1359 3819 1449 3898 quod
1464 3815 1633 3902 Jen(czo)⁸

189 3937 221 3987 et
244 3926 362 3989 iratres
393 3931 451 4006 sui,
476 3929 532 3991 filii
564 3923 776 4011 H(roznate),
801 3947 877 3989 curn
909 3930 977 3990 suis
1014 3925 1236 4005 complicibus
1261 3925 1441 4001 sceleratis,
1465 3946 1531 3988 non
1557 3946 1633 3989 con·

190 4028 292 4096 tentis
321 4035 415 4099 malis
446 4037 621 4118 prioribus,
652 4035 851 4097 affectantes
882 4054 945 4096 nos
976 4043 1010 4094 et
1041 4032 1209 4114 quoslibet
1244 4033 1328 4094 alios
1359 4031 1475 4095 fideles
1506 4043 1634 4096 vestros

189 4141 360 4205 debilitare
380 4144 477 4206 etad
499 4152 607 4205 vestra
631 4143 795 4222 obsequia
820 4141 961 4204 reddere
985 4144 1094 4202 minus
1117 4153 1224 4219 aptos,
1253 4139 1300 4201 Vl
1325 4139 1406 4201 ieria
1430 4150 1463 4200 et
1490 4141 1633 4202 sabbato

188 4249 219 4310 in
242 4251 428 4329 septimana
459 4253 615 4330 proxime
646 4251 803 4329 preterita
834 4249 1000 4329 quosdam
1033 4250 1214 4310 servientes
1246 4235 1380 4308 nostros
1404 4253 1447 4309 ad
1472 4267 1533 4308 nos
1558 4267 1632 4326 pro·

187 4358 344 4419 cedentes
376 4358 409 4418 in
442 4356 589 4440 Pragam,
622 4359 709 4418 cives
734 4357 834 4420 etiam
858 4355 1074 4438 quamplures
1095 4366 1129 4417 et
1149 4355 1232 4416 alios
1256 4354 1409 4416 homines
1433 4363 1566 4416 nostros
1590 4356 1633 4417 de

189 4461 350 4525 Bensowg
373 4474 408 4525 et
430 4465 570 4527 circuitu
595 4466 698 4544 ipsius
715 4465 856 4546 Pragam
882 4463 926 4526 ad
950 4462 1059 4526 lorum
1084 4473 1116 4524 et
1141 4463 1183 4524 de
1204 4461 1277 4525 loro
1302 4471 1516 4543 peragrantes
1540 4465 1635 4542 equis

189 4581 219 4632 et
242 4572 313 4634 aliis
338 4572 438 4634 rebus
461 4573 723 4652 quampluribus,
747 4591 831 4654 quas
857 4571 1053 4648 habuerant,
1077 4568 1240 4632 hostiliter
1263 4568 1456 4648 spoliarunt,
1481 4569 1635 4632 nonullos

187 4697 230 4739 ex
254 4679 335 4758 ipsis
359 4677 579 4756 vulnerantes,
611 4683 643 4742 in
669 4675 889 4760 Gradiscz⁸¹)
922 4697 1019 4741 suum
1044 4678 1088 4741 ad
1112 4677 1341 4756 captivitatem
1374 4677 1552 4750 crudeliter
1576 4677 1633 4739 de·

187 4784 355 4863 ducentes,
373 4789 431 4862 eis,
455 4790 512 4867 qui
530 4787 650 4850 deduci
675 4807 743 4850 non
764 4794 928 4864 poterant,
945 4784 1108 4847 debilitati
1127 4803 1172 4845 ex
1193 4783 1325 4846 inflictis
1349 4783 1412 4844 sibi
1435 4783 1633 4860 vulneribus,

186 4893 346 4955 semivivis
370 4894 404 4956 in
427 4895 479 4956 via
504 4914 564 4974 pro
589 4897 727 4956 mortuis
751 4894 928 4956 derelictis.
967 4887 1081 4971 Quare
1105 4910 1181 4954 cum
1206 4893 1238 4952 in
1264 4890 1323 4952 hiis
1348 4899 1381 4952 et
1406 4890 1477 4952 aliis
1502 4892 1545 4954 ad
1571 4910 1630 4952 vos

292 5102 320 5171 a)
339 5103 403 5168 ,Vm
423 5103 494 5172 Kap.
507 5104 528 5172 J.
546 5133 574 5142 -
591 5102 620 5171 b)
640 5103 742 5157 Schazi
761 5119 778 5154 v
793 5103 864 5171 Kap.
876 5103 898 5172 J.
920 5129 951 5141 -
972 5101 998 5171 c)
1016 5116 1115 5170 ‚super
1128 5101 1147 5154 h
1161 5107 1190 5154 et
1209 5101 1287 5153 alias‘
1302 5099 1373 5166 Kap.
1387 5099 1409 5168 J.
1430 5127 1462 5138 -
1483 5097 1512 5168 d)
1525 5115 1631 5160 ,secum

186 5192 223 5246 ad
242 5199 346 5248 castra‘
367 5193 441 5261 Kap.
456 5195 478 5263 J.
500 5223 531 5231 —
553 5193 580 5262 e)
599 5192 650 5261 ,J0.
670 5199 699 5246 et
718 5192 822 5247 iratres
841 5193 886 5246 sui
900 5192 930 5244 B.
949 5207 1015 5246 cum
1035 5191 1095 5246 suis
1114 5190 1313 5257 complicibus·
1333 5189 1406 5256 Kap.
1418 5188 1442 5258 J.
1462 5215 1495 5227 -
1515 5187 1537 5258 s)
1557 5203 1633 5250 ‚con-

186 5284 296 5351 tempti‘
317 5283 356 5336 ln.
376 5311 409 5322 -
429 5287 457 5353 g)
478 5323 499 5344 ,.
513 5287 529 5336 .‘
550 5283 622 5350 Kap.
634 5281 656 5350 J.
1003 5269 1010 5282 “
