3968 5848
914 389 948 466 89'

895 629 967 692 106.

215 770 330 852 Biskup
367 772 486 836 Tobia‘i
516 771 665 854 nar'iauje
694 777 804 834 viemu
837 771 1084 847 duchovenstvu,
1123 770 1183 851 aby
1217 768 1351 833 bralr'r'm
1385 769 1653 852 nejmenovanlho

487 878 632 940 lrlciitera
656 875 720 960 byli
742 878 930 957 adpornocni
945 877 1005 958 pii
1026 877 1176 958 vybr'rdm'
1199 877 1362 957 almuiny.

1325 1015 1607 1100 (1279-12902).

295 1164 487 1246 Episcopus
511 1164 649 1226 mandat
671 1163 809 1227 decanis
833 1173 867 1226 et
891 1161 1050 1242 plebanis,
1075 1172 1112 1225 ut
1135 1165 1294 1243 petitores
1318 1173 1561 1243 promoverent.

307 1304 501 1388 Tb(0biasl¹
532 1308 589 1370 dei
619 1308 731 1388 gracia
763 1315 823 1368 etc.
858 1306 988 1368 dilectis
1013 1308 1045 1368 in
1070 1302 1203 1369 Christo
1229 1305 1303 1368 filiis
1327 1306 1471 1384 decanis,
1497 1305 1650 1386 plebanis

211 1416 253 1491 (et
283 1409 540 1498 viceplebanis)b
573 1423 606 1476 et
638 1433 755 1476 eorum
786 1415 916 1476 vicariis
947 1415 1105 1476 omnibus
1130 1421 1243 1476 nostre
1267 1414 1408 1476 civitatis
1433 1422 1465 1474 et
1488 1412 1653 1490 dyocesis,

210 1528 249 1584 ad
272 1541 359 1602 quos
383 1540 523 1603 presens
547 1522 708 1602 scriptum
733 1522 928 1601 pervenerit,
954 1521 1097 1584 salutem
1122 1530 1155 1583 et
1180 1529 1352 1599 paternam
1377 1521 1409 1583 in
1434 1520 1573 1582 domino
1598 1539 1650 1581 ca·

210 1631 345 1692 ritatem.
373 1629 559 1712 Negocium
584 1631 766 1708 petitorum
789 1629 864 1691 talis
888 1629 1090 1706 monasterii,
1115 1647 1176 1708 pro
1199 1647 1268 1710 quo
1286 1628 1379 1690 vobis
1395 1637 1428 1688 et
1444 1627 1515 1689 aliis
1531 1623 1653 1690 Christi

211 1736 362 1800 fidelibus
386 1747 518 1800 nostras
542 1734 805 1818 indulgenciales
828 1735 954 1798 litteras
978 1737 1194 1812 destinamus,
1218 1733 1335 1797 salutis
1359 1736 1545 1796 animarum
1576 1753 1652 1812 pro-

210 1843 329 1906 iectum
354 1863 557 1924 promovens
580 1841 763 1919 evidenter,
795 1853 936 1924 paterno
961 1843 1055 1904 vobis
1081 1841 1394 1904 recommendantes
1419 1841 1552 1917 affectu,
1584 1841 1645 1904 dis·

210 1953 353 2014 crecioni
378 1960 487 2012 vestre
510 1952 544 2012 in
567 1951 688 2012 virtute
712 1958 826 2012 sancte
851 1951 1050 2013 obediencie
1073 1958 1107 2010 et
1131 1950 1192 2012 sub
1217 1969 1303 2030 pena
1324 1947 1653 2012 excomunicacionis

210 2059 406 2121 mandamus
437 2057 573 2120 firmiter
605 2067 638 2120 et
669 2076 839 2136 expresse,
872 2067 1038 2138 quatenus
1062 2057 1202 2119 nuncios
1232 2066 1265 2119 et
1290 2063 1526 2136 procuratores
1550 2055 1653 2134 ipsius

210 2168 346 2246 negocii,
379 2165 497 2228 fratres
539 2167 733 2228 monasterii
765 2164 958 2244 supradicti,
1004 2165 1213 2228 exhibitores
1255 2164 1473 2242 presencium,
1511 2163 1654 2244 benigne

211 2274 404 2352 recipientes
442 2284 475 2336 et
515 2273 660 2335 caritatis
699 2291 759 2333 eos
798 2271 935 2333 affectus
967 2279 1221 2351 pertractantes,
1259 2264 1441 2351 prefatumd
1479 2270 1654 2352 negocium

210 2382 269 2444 sibi
300 2379 464 2444 creditum
497 2383 530 2443 in
561 2381 678 2443 vestris
709 2379 859 2442 ecclesiis
891 2389 924 2442 et
955 2379 1040 2453 alibi,
1073 2379 1263 2460 ubicunque
1295 2378 1456 2456 expedire
1480 2377 1653 2450 videbitur,

210 2491 434 2566 promoveatis
466 2487 609 2550 fideliter
639 2495 712 2550 toto
743 2505 854 2566 posse,
887 2487 986 2549 nichil
1018 2487 1061 2549 de
1095 2486 1156 2548 hiis
1187 2486 1386 2560 elemosinis,
1429 2503 1495 2564 que
1531 2482 1652 2546 collate

210 2593 335 2670 luerint,
362 2596 526 2675 recepturi
551 2604 662 2674 preter
685 2595 719 2659 id
743 2595 860 2672 solum,
884 2593 976 2675 quod
1000 2593 1094 2656 vobis
1118 2594 1188 2656 sine
1212 2593 1405 2655 extorsione
1430 2591 1542 2670 aliqua
1573 2592 1652 2653 libe·

211 2701 317 2765 raiiter
342 2701 442 2765 fuerit
466 2703 663 2785 asignatum,
686 2701 834 2783 alioquin
868 2700 1030 2781 prefatam
1062 2701 1395 2788 excomunicacionis
1426 2717 1547 2778 penam
1579 2702 1653 2778 ipso

210 2808 295 2872 iacto
319 2829 381 2872 vos
405 2810 562 2872 noveritis
585 2811 784 2873 incursuros.
809 2808 935 2872 Datum
958 2818 1021 2871 etc.

315 2965 375 3020 Fol.
397 2971 439 3019 15¹
464 2967 487 3021 ὅ.
508 2971 567 3022 106.
593 2967 638 3020 tel
667 2983 685 3017 v
705 2967 739 3019 rk
767 2966 897 3034 kapituly
923 2964 1047 3019 Praislre
1072 2962 1147 3034 Jtl)b
1167 2964 1213 3018 sol.
1234 2967 1303 3018 2³1⁶.
1341 2962 1367 3017 Ο
1394 2963 1651 3032 chronologiclrem

212 3055 340 3109 omeaeni
359 3057 461 3109 rokem
482 3059 552 3109 1290
570 3072 645 3110 srov.
665 3056 744 3108 dvod
764 3055 788 3108 lI
808 3061 834 3109 3.

898 3344 969 3406 107.

211 3485 332 3567 Biskup
369 3486 399 3550 Τ
396 3486 486 3550 obriti
514 3488 704 3569 ustanovuje
725 3487 846 3569 fertile
871 3487 911 3550 N.
942 3483 1100 3565 vy'btrb'm
1131 3483 1267 3546 desdtlazi
1298 3503 1320 3544 a
1344 3481 1491 3563 naharcse
1513 3481 1652 3557 vlilcz‘rn,

753 3595 814 3674 aby
836 3595 878 3656 lto
896 3593 1106 3676 poslouchali.

893 3723 998 3810 (1287
1019 3728 1103 3808 ripn
1126 3728 1174 3788 23
1193 3762 1237 3771 —
1261 3730 1353 3794 1288
1373 3731 1457 3793 zinor
1476 3727 1545 3814 20).

604 3911 606 3916 ·
638 3869 838 3935 Commissio
863 3871 1041 3932 decimalis.

314 3992 506 4078 Th(obias)e
541 3997 595 4060 dei
626 3998 737 4080 gracia
769 3995 943 4078 Pragensis
978 3997 1156 4074 episcopus
1187 3995 1315 4060 dilectis
1350 3999 1382 4060 in
1415 3995 1548 4062 Christo
1580 3998 1652 4060 filiis

211 4103 368 4166 universis
399 4105 541 4181 decanis,
573 4104 724 4184 plebanis
756 4111 789 4164 et
812 4103 1036 4182 viceplebanis
1063 4103 1095 4164 in
1119 4111 1240 4166 tota..
1265 4105 1432 4185 provincia
1466 4106 1653 4168 constitutis

209 4211 350 4273 salutem
367 4213 399 4272 in
416 4211 563 4273 domino.
588 4207 673 4273 Cum
690 4210 779 4290 apud
796 4229 855 4272 vos
873 4210 1051 4272 honestum
1064 4219 1097 4271 et
1113 4210 1300 4293 religiosum
1328 4216 1433 4275 virum
1458 4211 1593 4274 fratrem
1611 4211 1651 4275 N.

211 4319 390 4398 plebanum
425 4317 514 4379 de..
550 4318 582 4379 in
616 4317 681 4380 hoc
715 4337 804 4380 anno
844 4317 948 4398 prime
987 4316 1184 4380 indiccionis
1223 4318 1463 4381 decimatorem
1502 4331 1652 4382 nostrum

210 4425 478 4488 constituerimus
501 4424 601 4505 pleno
617 4425 697 4500 iure,
721 4425 918 4486 discrecioni
934 4433 1040 4486 vestre
1058 4425 1257 4487 mandamus
1272 4426 1305 4488 in
1319 4426 1439 4488 virtute
1456 4427 1653 4489 obediencie

210 4531 345 4595 firmiter
376 4539 409 4593 et
441 4550 610 4612 expresse,
646 4542 811 4613 quatenus
846 4532 956 4594 eidem
991 4531 1187 4594 decimatori
1218 4541 1334 4594 nostro
1368 4535 1402 4595 in
1434 4535 1589 4597 omnibus
1619 4543 1654 4596 et

209 4639 367 4718 precipue
390 4640 423 4701 in
448 4641 517 4716 hiis,
541 4658 607 4721 que
631 4639 674 4701 ad
699 4639 889 4721 diligentem
914 4647 947 4700 et
970 4637 1145 4700 sollicitam
1169 4640 1433 4720 exquisicionem
1458 4659 1496 4702 ac
1520 4639 1653 4702 fidelem

209 4757 240 4807 et
279 4748 441 4828 integram
480 4745 689 4809 solucionem
728 4745 968 4826 episcopalium
1008 4745 1214 4808 decimarum
1253 4755 1442 4810 nostrarum
1482 4748 1652 4826 pertinent,

208 4853 376 4917 obediatis
399 4852 539 4915 fideliter
566 4863 736 4934 tamquam
768 4853 873 4929 nobis,
897 4853 958 4914 sibi
984 4863 1016 4914 et
1039 4854 1168 4916 nunciis
1192 4856 1262 4917 eius
1286 4850 1421 4934 propter
1446 4865 1596 4916 nostram
1619 4865 1653 4916 et

209 4959 350 5023 ecclesie
382 4959 555 5044 Pragensis
586 4964 701 5024 matris
736 4969 845 5022 vestre
876 4961 1100 5022 reverenciam
1128 4968 1162 5021 et
1185 4979 1335 5022 amorem
1359 4959 1652 5024 honorificenciam

316 5170 343 5240 a)
363 5171 433 5234 ,TT‘
452 5171 523 5238 Kap.
536 5170 559 5239 J.
574 5199 608 5210 -·
626 5169 657 5240 b)
677 5169 830 5238 Dopineno
849 5170 896 5224 dle
916 5171 988 5237 Kap.
999 5169 1022 5238 J.
1043 5199 1074 5208 —
1095 5169 1121 5239 c)
1140 5169 1261 5233 ,effecto‘
1281 5171 1320 5224 ln.
1341 5199 1373 5209 -
1393 5170 1423 5239 d)
1443 5178 1481 5234 ,et
1500 5169 1654 5238 prefatum*

209 5261 249 5316 ln.
269 5289 302 5299 —
323 5263 350 5329 e)
370 5261 421 5330 ,Jo‘
440 5259 513 5327 Kap.
524 5261 547 5329 J.
