3988 5844
911 443 962 494 185

212 656 327 738 spoliis
360 667 393 721 et
417 659 549 738 rapinis,
583 658 675 738 quod
707 658 750 720 de
782 658 924 738 propriis
955 677 1023 720 non
1057 666 1169 738 potest
1199 676 1261 720 nec
1293 655 1414 719 sufficit
1445 656 1660 720 facultatibus

214 764 394 841 reformari,
411 765 635 828 dileccionem
658 773 802 827 vestram
819 784 1004 841 monemus,
1022 785 1179 846 rogamus
1203 775 1236 828 et
1261 764 1433 828 hortamur
1457 766 1489 826 in
1513 764 1660 840 domin0,

213 873 245 935 in
278 874 509 936 remissionem
542 882 728 934 vestrorum
763 875 995 952 peccaminum
1032 873 1249 954 iniungentes,
1281 880 1447 953 quatenus
1482 871 1525 934 de
1560 874 1661 936 bonis

216 999 234 1042 a
265 979 332 1041 deo
364 981 460 1042 vobis
493 980 645 1043 collatisa
677 979 721 1042 ad
756 979 1046 1044 reedificacionem
1079 991 1112 1042 et
1144 978 1421 1042 reformacionem
1453 978 1658 1059 predicte..

215 1088 354 1149 ecclesie
378 1097 412 1149 et
436 1107 546 1150 rerum
580 1089 661 1150 inibi
693 1087 939 1150 destructarum
971 1089 1043 1167 pias
1074 1087 1275 1150 elemosinas
1299 1095 1333 1150 et
1355 1096 1449 1169 grata
1481 1087 1660 1170 dignemini

214 1196 361 1257 caritatis
386 1194 534 1257 subsidia
559 1193 740 1257 liberaliter
764 1213 912 1277 erogare.
961 1194 1033 1258 Nos
1058 1195 1146 1256 enirn
1171 1195 1326 1257 omnibus
1350 1195 1445 1256 vobis
1469 1212 1545 1255 vere
1570 1196 1660 1274 peni-

215 1305 362 1366 tentibus
396 1312 430 1364 et
464 1300 634 1377 confessis,
671 1303 728 1384 qui
762 1303 805 1365 ad
841 1322 928 1383 opus
967 1311 1000 1364 et
1037 1299 1314 1364 reformacionem
1352 1300 1480 1380 prefate
1520 1301 1663 1363 ecclesie

216 1428 351 1471 manum
371 1411 540 1491 porrigere
564 1411 751 1472 curaverint
774 1409 980 1483 adiutricem,
1000 1409 1043 1471 de
1063 1411 1209 1472 iniuncta
1233 1411 1281 1471 eis
1305 1409 1491 1487 penitencia
1507 1407 1569 1470 XL
1590 1409 1663 1472 dies

217 1519 248 1578 in
279 1517 419 1578 domino
452 1517 712 1579 misericorditer
743 1517 941 1594 relaxamus,
974 1516 1158 1579 accedente
1189 1516 1366 1578 dumtaxat
1397 1515 1546 1596 episcopi
1578 1515 1661 1593 dyo-

217 1627 328 1686 cesani
355 1642 530 1700 consensu,
555 1625 770 1702 presentibus
794 1635 871 1704 post
893 1623 1073 1686 triennium
1097 1625 1232 1686 minime
1256 1623 1412 1686 valituris.

325 1799 386 1852 Fol.
406 1804 440 1850 4ο
459 1799 484 1852 ὅ.
505 1803 565 1860 244,
586 1799 631 1852 tei
651 1815 669 1851 v
689 1799 828 1866 rulropisc
847 1799 979 1870 kapituly
998 1797 1149 1868 PraiskeJ
1165 1795 1212 1851 40³²
1231 1797 1278 1852 fol.
1299 1802 1351 1850 230
1371 1814 1386 1851 a
1405 1813 1423 1850 v
1443 1797 1664 1852 mnichovskem

218 1891 258 1942 rlr.
285 1887 412 1942 lol.127¹
439 1887 462 1940 c.
484 1893 524 1940 72.
563 1887 649 1940 Prvni
673 1889 922 1958 chronologickou
947 1889 1058 1943 hranici
1082 1888 1157 1941 diva
1182 1888 1356 1955 nastoupeni
1375 1887 1512 1941 Detticha
1539 1889 1664 1954 biskupa

218 1977 449 2039 Olomonclreho,
469 1993 487 2030 o
507 1977 600 2032 druhe
620 1993 696 2033 srov.
717 1993 801 2044 poan.
821 1994 841 2030 u
860 1977 884 2031 d.
905 1983 965 2032 239.

908 2321 981 2383 245.

218 2479 342 2563 Baskup
371 2481 401 2544 T
397 2481 488 2544 obius
516 2481 604 2543 ddda‘
635 2481 673 2545 R.
701 2490 889 2564 preceptora
927 2480 957 2543 Τ
954 2480 1097 2558 empldr't
1129 2501 1149 2542 v
1181 2478 1343 2543 Nlmecku
1365 2500 1387 2541 a
1414 2478 1574 2553 »Slavt‘r'«,
1605 2478 1667 2559 aby

365 2589 419 2669 byl
439 2588 649 2669 shovzbavy'm
670 2587 692 2650 k
718 2587 860 2662 Sldvovz,
882 2587 974 2669 letery'
996 2609 1037 2649 aa
1062 2587 1153 2669 talky'
1175 2587 1275 2650 zlolz'n
1298 2586 1365 2648 lint
1383 2585 1513 2668 pokdni.

1267 2761 1427 2844 (1279-
1448 2761 1557 2844 1290).

343 2927 533 3008 Episcopus
558 2947 756 2989 conversum
780 2927 879 2989 mittit
902 2926 946 2988 ad
971 2936 1203 3006 preceptorem
1229 2945 1289 3004 pro
1315 2927 1545 2989 absolucione.

325 3083 508 3172 Tho(bias)
541 3088 595 3152 dei
627 3091 738 3169 gracia
772 3098 834 3152 etc.
859 3088 1039 3151 venerabili
1071 3096 1104 3150 et
1134 3087 1287 3169 religioso
1319 3089 1389 3148 viro
1414 3089 1452 3150 R.
1477 3087 1665 3165 preceptori

219 3199 398 3260 domorum
430 3197 550 3259 milicie
580 3197 698 3277 templi
723 3215 782 3274 per
806 3195 1018 3260 Alamaniam
1043 3205 1077 3258 et
1101 3193 1248 3258 Slauiam
1272 3195 1421 3258 salutem
1446 3205 1478 3257 et
1502 3198 1665 3256 sinceram

218 3305 260 3368 ad
280 3325 341 3368 sua
362 3305 572 3382 beneplacita
588 3302 803 3366 voluntatem.
829 3300 913 3365 Cum
937 3305 1021 3364 inter
1046 3321 1150 3382 opera
1171 3302 1316 3364 caritatis
1338 3321 1405 3363 non
1428 3306 1471 3363 sit
1495 3301 1664 3363 minimum

219 3423 368 3477 errantes
384 3414 427 3476 ab
445 3412 567 3475 erroris
592 3431 749 3474 revocare
773 3413 899 3488 semita,
916 3409 1017 3474 Slaua
1042 3411 1128 3473 lator
1152 3413 1360 3492 presencium
1378 3410 1421 3471 ad
1438 3428 1497 3471 cor
1514 3427 1668 3470 reversus

219 3533 390 3602 tamquam
414 3538 491 3582 vere
515 3521 667 3600 penitens
691 3539 753 3598 pro
778 3519 957 3581 commisso
987 3531 1080 3580 reatu
1105 3527 1137 3579 et
1161 3517 1309 3580 facinore
1340 3520 1420 3579 satis
1452 3517 1550 3597 gravi,
1575 3515 1665 3596 quod

220 3631 355 3691 inimico
381 3627 519 3689 humani
543 3630 673 3710 generis
698 3626 903 3706 prochdolor
927 3626 1103 3708 instigante
1135 3626 1272 3706 peregit,
1297 3624 1436 3706 regulari
1462 3625 1667 3685 correccioni

221 3755 257 3798 se
281 3736 450 3798 subiciens
474 3735 640 3796 humiliter
664 3743 699 3794 et
718 3734 849 3809 devote,
874 3752 950 3796 curn
975 3733 1120 3812 proximi
1146 3732 1327 3811 superioris
1351 3731 1399 3792 sui
1426 3729 1526 3792 literis
1550 3739 1602 3791 est
1624 3728 1666 3790 ad

222 3855 329 3906 vestre
354 3842 535 3905 clemencie
567 3840 830 3903 misericordiam
863 3840 1057 3902 destinatus.
1106 3839 1149 3900 Et
1173 3838 1251 3918 quia
1274 3857 1526 3918 nonnumquam
1552 3835 1670 3898 lenitas

221 3952 424 4013 correcionis
457 3947 615 4010 mollitiva
647 3947 853 4030 dignoscitur
884 3949 1050 4009 mencium
1082 3964 1322 4025 perversarum,
1354 3955 1533 4026 eapropter
1566 3945 1667 4006 hone·

139 4111 140 4114 ,
222 4058 317 4121 statis
347 4069 456 4119 vestre
492 4055 740 4134 providenciam
776 4053 974 4116 fiducialiter
1010 4055 1206 4134 requirimus
1238 4063 1271 4115 et
1303 4071 1467 4134 rogamus,
1503 4061 1670 4127 quatenus

221 4168 309 4227 circa
353 4158 626 4226 correccionemb
667 4165 780 4243 ipsius,
822 4181 922 4243 quam
970 4161 1108 4223 credere
1159 4162 1308 4241 potestis,
1358 4163 1499 4242 rigorem
1544 4160 1668 4221 miseri·

223 4272 359 4335 cordiac
381 4280 617 4348 temperantes,
641 4271 817 4351 peticionis
841 4278 956 4332 nostre
980 4277 1013 4329 et
1037 4269 1147 4331 divine
1172 4268 1454 4331 remuneracionis
1479 4268 1596 4330 intuitu
1621 4267 1668 4327 sic

223 4382 310 4442 circa
342 4399 418 4442 eum
451 4377 551 4441 officii
575 4381 674 4440 vestri
707 4378 856 4440 debitum
889 4395 1048 4438 exercere
1080 4375 1271 4456 dignemini,
1296 4375 1388 4455 quod
1420 4375 1484 4436 sibi
1517 4372 1670 4454 proficiat

223 4488 265 4550 ad
290 4485 431 4550 salutern
456 4499 489 4548 et
513 4487 605 4568 quod
637 4489 709 4565 ipse
741 4503 858 4565 preces
890 4493 1021 4546 nostras
1053 4483 1143 4563 apud
1167 4503 1227 4545 vos
1256 4483 1318 4544 sibi
1343 4483 1470 4544 senciat
1495 4479 1669 4561 profuisse.

225 4595 348 4658 Datum
374 4602 437 4657 etc.

330 4768 391 4822 Fol.
412 4775 446 4822 40
472 4767 495 4822 d.
515 4772 575 4821 245.
614 4767 786 4820 Srovnanim
811 4783 825 4818 s
847 4765 869 4818 d.
889 4769 942 4818 206
962 4764 1077 4827 vidime,
1097 4764 1130 4817 ie
1149 4771 1180 4817 tu
1199 4765 1249 4834 jde
1269 4779 1287 4816 o
1306 4762 1374 4817 toni
1400 4761 1557 4824 zaleiitost,
1584 4770 1671 4830 proto

224 4861 231 4912 i
251 4859 305 4912 ade
325 4857 552 4927 chronologicko
571 4857 702 4910 omezeni
721 4857 917 4914 rokem1290,
937 4853 1045 4923 dasovp
1065 4853 1156 4907 rozdil
1176 4854 1249 4906 mezi
1268 4852 1373 4905 obdma
1394 4853 1459 4920 listy
1479 4853 1547 4906 neni
1566 4853 1671 4922 veliki.

225 4933 256 5004 C.
275 4952 327 5001 206
347 4948 438 5016 psano
458 4947 527 5016 bylo
546 4963 564 4999 v
584 4929 666 4999 stirne
686 4961 702 4999 a
722 4945 745 4999 d.
766 4949 817 4997 245
837 4944 879 4997 asi
899 4943 977 4996 hned
997 4957 1035 5010 po
1055 4943 1176 4996 navratu
1198 4941 1322 4996 Slavove
1341 4941 1381 4995 do
1400 4943 1502 5012 Prahy.

224 5137 439 5148 --——-—

333 5197 360 5266 a)
388 5213 412 5258 ,a
438 5199 496 5251 deo
521 5196 605 5249 vobis
631 5196 715 5249 bonis
740 5195 859 5249 collatis*
879 5194 918 5248 ln.
947 5222 980 5232 -
1011 5194 1041 5260 b)
1060 5193 1297 5262 ,correpcionem‘
1315 5192 1354 5245 ln.
1385 5221 1418 5230 -
1448 5194 1474 5256 c)
1501 5192 1670 5255 ,misericor-

225 5289 281 5342 die‘
301 5289 340 5341 In.
