3988 5844
1044 426 1094 472 174

341 641 536 703 redeuntem
573 640 615 702 ad
652 637 774 703 Christi
810 639 982 710 culturam,
1015 648 1144 702 sancte.
1171 641 1280 700 crucis
1320 637 1509 719 insignitam
1549 635 1722 718 signaculo
1759 644 1792 696 et

340 749 477 811 dotibus
508 748 720 826 baptismatis
754 748 929 826 preditam,
954 747 997 808 ad
1022 755 1131 808 vestre
1156 745 1350 808 devocionis
1382 745 1579 806 remittimus
1611 743 1793 811 caritatem,

340 873 400 917 vos
425 854 455 915 in
481 854 618 916 domino
643 854 817 917 hortantes
840 853 1022 917 studiosius
1047 863 1080 915 et
1103 861 1289 926 monentes
1313 859 1477 931 quatenus
1502 850 1610 912 eidem
1636 848 1701 922 Κ.,“ι
1725 867 1791 929 que

341 958 470 1022 fervore
494 961 670 1024 christiane
695 961 775 1023 fidei
799 969 919 1022 cuncta
951 979 1016 1040 que
1047 959 1200 1038 possidet
1224 978 1291 1020 non
1316 959 1480 1021 dubitavit
1503 957 1697 1036 relinquere,
1723 957 1794 1034 pias

342 1066 541 1130 elemosinas
561 1078 595 1130 et
614 1078 709 1150 grata
733 1070 1009 1148 subportamenta
1033 1067 1089 1128 dei
1112 1066 1232 1128 intuitu
1257 1066 1409 1129 debeatis
1434 1063 1619 1145 inpendere
1640 1063 1795 1140 caritatis,

343 1193 403 1250 pro
424 1175 560 1238 caducis
580 1175 719 1250 stabilia,
739 1196 801 1255 pro
821 1177 961 1238 terrenis
980 1175 1114 1237 celestia
1130 1184 1163 1236 et
1180 1194 1241 1253 pro
1262 1173 1503 1253 temporalibus
1523 1173 1691 1250 recepturi
1710 1189 1786 1232 cum

342 1280 449 1342 fructu
483 1281 654 1361 multiplici
686 1286 814 1361 premia
846 1285 1056 1363 sempiterna,
1081 1290 1118 1343 ut
1142 1285 1260 1344 vestris
1290 1281 1405 1343 adiuta
1437 1280 1594 1342 subsidiis
1624 1288 1793 1358 tempora·

342 1387 428 1451 libus
453 1401 567 1451 eterna
592 1389 777 1452 fervencius
802 1391 1029 1470 concupiscat.
1077 1389 1149 1452 Nos
1181 1390 1268 1451 enim
1302 1388 1457 1450 omnibus
1482 1387 1577 1450 vobis
1601 1403 1679 1448 vere
1703 1385 1793 1463 peni-

342 1497 489 1558 tentibus
513 1506 546 1558 et
570 1496 737 1572 confessis,
762 1497 817 1578 qui
849 1498 959 1560 eidem
983 1495 1078 1578 (Ka)²
1102 1515 1238 1558 manum
1260 1499 1479 1575 porrexeritis
1504 1495 1708 1566 adiutricem,
1734 1489 1794 1551 XL

342 1601 413 1664 dies
438 1603 584 1666 iniuncte
609 1606 795 1683 penitencie
813 1606 1012 1667 auctoritate
1032 1623 1097 1684 qua
1119 1604 1287 1686 fungimur
1309 1601 1570 1664 misericorditer
1594 1599 1794 1670 relaxamus,

343 1711 553 1787 presentibus
580 1720 657 1790 post
679 1713 745 1774 tale
769 1722 902 1790 tempus
927 1707 1085 1774 minimeb
1107 1711 1261 1773 valituris
1288 1709 1412 1772 Datum
1437 1719 1500 1770 etc.

450 1901 510 1955 Fol.
530 1903 573 1954 37¹
587 1903 611 1956 ὅ.
626 1906 686 1968 228,
706 1903 751 1957 tei
771 1920 789 1956 v
811 1904 950 1973 rukopise
970 1904 1099 1970 kapituly
1115 1903 1239 1956 Pralslrd
1252 1903 1266 1972 J
1281 1901 1327 1954 40b
1348 1901 1396 1955 sol.
1411 1905 1471 1954 228.
1491 1899 1517 1953 Ο
1537 1897 1792 1968 chronologickem

344 1991 475 2043 omezent
494 1993 596 2044 rokem
617 1996 685 2045 1290
706 2007 782 2045 srov.
803 1994 881 2046 uvod
901 1993 925 2046 ΙΙ
946 1997 970 2045 3.

1033 2387 1107 2448 229.

346 2543 472 2626 Biskup
494 2543 524 2607 T
521 2544 610 2608 obzir's'
628 2545 790 2626 povoldva'
813 2550 896 2609 novl
914 2547 1081 2611 avolenrlzo
1104 2557 1201 2629 opata
1224 2545 1368 2609 klds'tera
1388 2545 1601 2610 Ostrovskc‘ho
1622 2545 1663 2606 do
1682 2543 1794 2623 Ρναίι]1

963 2653 985 2716 k
1002 2655 1179 2733 posvlcem'.

1050 2829 1158 2914 (1289
1178 2832 1333 2896 nedloulw
1350 2832 1436 2911 pr'ed
1459 2832 1504 2894 10
1525 2831 1686 2906 dubriam).

472 2973 661 3054 Episcopus
684 2977 743 3037 dat
766 2977 945 3039 terminum
968 2978 1091 3054 abbati,
1116 2985 1153 3038 ut
1177 2980 1304 3038 veniret
1327 2975 1369 3037 ad
1397 2975 1674 3038 benedicendum.

455 3113 650 3200 Th(obias)c
682 3119 736 3182 dei
770 3129 832 3182 etc.
867 3120 1055 3183 honorabili
1086 3120 1155 3181 viro
1191 3119 1330 3182 domino
1363 3113 1424 3180 H.d
1454 3117 1562 3180 electo
1596 3116 1794 3179 confirmato

350 3223 460 3286 Insule
484 3226 678 3288 monasterii
702 3228 809 3288 sancti
834 3226 991 3290 Iohannis
1012 3224 1161 3306 Baptiste
1186 3227 1311 3289 ordinis
1335 3229 1442 3289 sancti
1459 3224 1630 3288 benedicti
1654 3223 1795 3285 salutem

347 3351 424 3393 cum
448 3332 577 3394 sincere
609 3335 753 3397 caritatis
784 3333 918 3397 aflectu.
967 3333 1170 3396 Devocionis
1192 3342 1300 3396 vestre
1332 3334 1487 3412 precibus
1517 3332 1664 3394 inclinati
1696 3333 1793 3392 bene·

346 3438 503 3501 dictionis
526 3440 620 3502 vobis
651 3448 792 3503 munuse
817 3444 851 3504 in
875 3441 1020 3504 crastino
1053 3440 1126 3504 sesti
1158 3441 1324 3520 paschalis
1355 3444 1510 3521 proxime
1534 3459 1621 3502 nunc
1645 3451 1795 3511 venturo,

348 3554 447 3623 prout
464 3547 601 3625 petistis,
619 3547 802 3627 inpendere
823 3549 888 3609 deo
905 3549 1057 3626 propicio
1082 3547 1234 3610 volumus
1258 3549 1417 3629 graciose.
1444 3546 1543 3609 Unde
1567 3547 1610 3608 ad
1628 3545 1718 3623 (hoc)
1735 3563 1795 3605 vos

347 3651 457 3714 taliter
488 3653 675 3734 disponatis
707 3649 804 3716 cumf
836 3657 956 3717 timore
989 3655 1111 3730 divino,
1134 3656 1225 3734 quod
1257 3655 1352 3716 vobis
1384 3663 1417 3715 et
1449 3663 1559 3716 vestro
1592 3651 1795 3715 monasterio

348 3760 448 3822 cedat
479 3761 522 3823 ad
555 3762 770 3823 commodum
804 3771 837 3824 et
868 3762 1040 3838 honorem,
1073 3761 1212 3844 Pragam
1245 3762 1287 3823 ad
1320 3762 1466 3824 eundem
1489 3761 1677 3835 terminum,
1710 3759 1795 3820 sicut

347 3868 494 3947 expedit,
519 3869 746 3931 accedentes!
770 3867 894 3931 Datum
919 3878 981 3930 etc.

456 4059 516 4114 Fol.
535 4063 578 4114 37¹
596 4059 619 4113 ἐ.
633 4065 694 4124 229,
715 4061 759 4114 tei
779 4077 797 4112 v
817 4061 957 4128 rukopise
978 4062 1109 4132 kapituly
1123 4060 1269 4128 PralskeJ
1284 4059 1331 4114 ⁴0i
1350 4061 1397 4115 iol.
1412 4065 1470 4114 241.
1491 4059 1568 4127 Opat
1581 4059 1653 4113 Otto
1669 4058 1795 4113 hlastera

343 4147 547 4203 Ostrovslrtho
566 4165 598 4202 se
617 4151 770 4220 vyskytuje
790 4151 929 4219 naposled
950 4153 1024 4205 roku
1045 4154 1114 4205 1288
1140 4151 1198 4204 zali
1224 4156 1257 4202 lt
1283 4151 1350 4212 (RB.
1378 4149 1445 4203 116.
1469 4152 1563 4218 1460);
1584 4150 1631 4218 byl
1655 4147 1693 4218 jit
1713 4147 1794 4201 dilve

348 4247 472 4304 opatem,
493 4240 545 4291 nei
561 4253 594 4292 se
610 4240 664 4292 stal
678 4239 786 4292 Tobids
806 4241 968 4306 biskupem.
989 4240 1087 4294 Nutno
1107 4240 1176 4310 tedy
1196 4249 1259 4294 toto
1278 4239 1434 4307 posvttceni
1451 4241 1566 4292 noveho
1582 4246 1669 4306 opata
1686 4238 1795 4306 pololit

347 4329 528 4381 aauvedene
547 4329 655 4382 datum.
675 4329 758 4398 Listy
777 4345 815 4397 po
835 4335 927 4382 tomto
947 4330 1017 4383 disle
1036 4330 1206 4399 nasledujr'ci
1225 4329 1374 4398 pochazeji
1394 4345 1408 4380 z
1425 4345 1446 4382 r.
1462 4333 1539 4382 1289.
1560 4328 1613 4381 [lle
1632 4327 1795 4381 celkoveho

347 4417 521 4470 charakteru
541 4417 649 4487 sbirky,
670 4419 753 4471 ktera
771 4417 911 4486 obsahuje
930 4419 1005 4488 vidy
1025 4419 1087 4474 cele
1111 4420 1236 4488 skupiny
1256 4436 1270 4471 z
1287 4419 1416 4488 jednoho
1444 4419 1517 4471 roku
1537 4433 1553 4470 a
1573 4418 1620 4470 dle
1639 4417 1715 4482 data,
1736 4416 1795 4484 kdy

347 4506 487 4574 naposled
512 4522 544 4560 se
570 4508 725 4576 vyslrytuje
750 4515 820 4576 opat
846 4507 927 4570 otto,
952 4503 1082 4562 mhieme
1110 4509 1203 4562 temet
1227 4510 1379 4579 sjistotou
1407 4507 1533 4569 usoudit,
1566 4507 1599 4558 ie
1619 4507 1627 4559 i
1647 4513 1728 4560 tento
1748 4505 1794 4559 list

348 4595 422 4665 patii
442 4596 481 4649 do
501 4611 522 4648 r.
543 4599 621 4651 1289.
653 4595 714 4650 Pak
729 4598 767 4666 jej
789 4597 889 4652 ovs‘em
909 4598 1031 4651 musime
1051 4599 1160 4664 pototit
1180 4598 1328 4652 nedlouho
1354 4597 1426 4665 pied
1453 4597 1615 4650 vellronoce
1643 4593 1794 4662 »proxime

348 4701 425 4740 nunc
444 4694 596 4748 venturo«,
616 4685 688 4755 tedy
707 4686 776 4755 brzy
795 4685 868 4754 pled
889 4692 922 4740 10
941 4687 1048 4740 duben.

456 5077 482 5144 a)
502 5077 548 5140 ,Μι
569 5077 638 5146 Kap.
650 5077 671 5146 J.
693 5107 726 5116 -
746 5079 776 5144 b)
797 5079 937 5142 minemo,
957 5077 1004 5141 ln,
1025 5078 1158 5139 ,minime‘
1179 5078 1250 5146 Kap.
1264 5078 1287 5148 J.
1321 5107 1353 5116 -
1386 5079 1412 5145 c)
1433 5077 1492 5146 ‚Jo.‘
1519 5077 1591 5147 Kap.
1605 5078 1627 5147 J.
1649 5107 1682 5116 —
1701 5079 1731 5144 d)
1753 5079 1791 5141 ,B.

346 5166 518 5220 confirmato
538 5167 643 5220 Insule‘
669 5166 741 5234 Kap.
753 5167 776 5235 J.
809 5196 840 5206 -
867 5169 896 5233 e)
923 5169 1035 5230 ,minus‘
1061 5167 1110 5232 In.,
1134 5173 1255 5232 ,munus‘
1285 5165 1358 5234 Kap.
1380 5168 1402 5236 J.
1434 5197 1463 5205 -
1487 5167 1508 5232 i)
1529 5175 1570 5229 ‚ut
1589 5171 1664 5221 cum‘
1684 5167 1758 5236 Kap.
1771 5167 1793 5236 J.

348 5285 381 5294 —
401 5255 429 5326 g)
448 5256 614 5321 ,accedatis‘
633 5255 705 5325 Kap.
721 5256 743 5325 J.
