3968 5848
1014 344 1065 392 118

315 561 526 634 instituimur,
562 560 797 640 provideamus
831 559 1011 621 liberaliter
1046 569 1079 622 et
1114 561 1174 632 ei⁸,
1201 567 1419 638 peccatorum
1455 556 1593 620 forsitan
1629 569 1764 640 gravate

317 667 529 748 ponderibus,
548 669 668 748 quibus
687 666 809 748 fragilis
825 667 1014 728 mortalium
1032 667 1187 729 condicio
1205 666 1306 746 pollui
1326 669 1508 740 consuevit,
1526 660 1763 728 relevacionisb

317 777 392 854 pioc
427 773 586 857 suffragio
622 793 848 836 succuramus.
896 773 957 836 Per
993 793 1130 851 presens
1167 775 1265 854 igitur
1302 773 1505 852 privilegium
1542 783 1660 834 noscat
1694 781 1764 834 tam

316 900 454 960 presens
475 890 545 943 etas
569 901 669 961 quarn
694 901 890 943 successura
914 883 1094 960 posteritas
1118 879 1315 956 futurorum,
1333 880 1425 960 quod
1453 899 1514 942 nos
1534 899 1595 959 pro
1617 881 1766 942 remedio

317 990 427 1049 anime
462 991 622 1068 genitoris
657 988 760 1050 nostri
796 985 914 1067 prefati
952 996 1057 1050 ratam
1095 987 1257 1064 habemus
1297 999 1397 1062 atque
1434 985 1670 1049 confirmamus
1706 988 1765 1049 do·

317 1095 491 1157 nacionem
528 1115 586 1156 seu
623 1097 875 1158 concessionem
916 1095 1058 1156 ecclesie
1093 1096 1125 1156 in
1162 1095 1315 1156 Rewnicz
1356 1087 1523 1156 matricisd
1553 1102 1586 1155 et
1621 1093 1765 1155 duarum

317 1205 422 1281 ipsius
454 1201 596 1265 ecclesie
628 1202 780 1278 filiarum,
804 1206 902 1265 unius
933 1205 996 1264 site
1031 1200 1163 1264 invilla
1188 1199 1482 1278 Wadislawicz‘¹)
1507 1209 1541 1262 et
1565 1201 1702 1264 alterius
1733 1203 1764 1262 in

316 1309 390 1370 villa
415 1304 679 1392 Ziuohostch02)
713 1318 746 1371 et
779 1329 887 1371 rerum
920 1329 959 1369 ac
991 1312 1111 1372 luriunt
1143 1309 1185 1370 ad
1219 1307 1357 1371 easdem
1388 1310 1639 1386 pertinencium,
1663 1327 1764 1389 quam

317 1415 474 1480 dominus
507 1417 587 1480 olim
619 1437 681 1479 rex
706 1413 960 1498 W(enceslaus)
994 1435 1074 1478 avus
1098 1425 1213 1478 noster
1238 1413 1317 1478 fecit
1342 1416 1498 1494 hospitali
1527 1415 1765 1478 cruciferorum

315 1523 549 1587 stelliferorum
591 1528 697 1586 sancti
740 1524 909 1586 Francisci
950 1523 993 1586 ad
1029 1523 1150 1604 pedem
1184 1526 1295 1602 pontis
1341 1525 1451 1606 Prage,
1484 1533 1517 1585 et
1552 1525 1687 1602 insuper
1722 1525 1764 1584 de

316 1651 404 1693 novo
425 1632 543 1694 damus
564 1642 665 1713 atque
691 1633 907 1694 concedimus
931 1632 1040 1694 eidem
1062 1631 1215 1709 hospitali
1234 1640 1268 1692 et
1285 1633 1441 1693 omnibus
1462 1630 1618 1694 fratribus
1638 1631 1763 1694 ibidem

316 1738 540 1802 existentibus
564 1749 633 1800 tam
657 1739 870 1818 presentibus
894 1759 996 1819 quam
1020 1737 1138 1800 futuris
1161 1737 1310 1817 prefatas
1334 1739 1494 1800 ecclesias
1522 1757 1598 1800 cum
1623 1740 1764 1818 pascuis,

316 1845 429 1924 pratis,
454 1847 549 1927 agris,
573 1845 678 1926 aquis,
704 1848 951 1925 piscacionibus
975 1857 1008 1908 et
1032 1847 1188 1908 omnibus
1219 1845 1345 1908 iuribus
1377 1847 1421 1908 ad
1444 1845 1582 1907 easdem
1608 1845 1766 1907 ecclesias

316 1951 561 2014 racionabiliter
592 1955 823 2032 spectantibus
855 1962 888 2014 et
921 1954 970 2014 ius
995 1963 1200 2032 patronatus
1232 1953 1324 2033 quod
1358 1954 1522 2015 habemus
1553 1953 1584 2014 in
1618 1955 1766 2015 ecclesiis

316 2059 503 2132 antedictis,
529 2059 766 2123 transferentes
791 2080 924 2122 exnunc
950 2080 994 2120 ex
1018 2071 1108 2121 certa
1130 2068 1246 2121 nostra
1271 2061 1414 2122 sciencia
1440 2068 1472 2120 et
1495 2061 1607 2143 gracia
1632 2059 1767 2138 speciali

315 2186 415 2228 omne
443 2167 498 2248 jus
530 2179 563 2229 et
595 2187 729 2230 omnem
763 2177 975 2245 potestatem,
1011 2167 1103 2248 quod
1143 2167 1194 2229 vel
1226 2187 1327 2248 quam
1364 2168 1542 2228 habuimus
1575 2178 1609 2228 et
1641 2167 1765 2228 habere

315 2276 485 2352 potuimus
502 2276 535 2336 in
553 2275 687 2352 prefatis
709 2275 856 2338 ecclesiis
877 2287 911 2337 et
931 2278 1031 2337 rebus
1060 2295 1100 2336 ac
1126 2269 1262 2336 iuribuss
1280 2275 1483 2354 quibuslibet
1504 2276 1764 2353 pertinentibust

316 2381 360 2443 ad
392 2381 530 2444 easdem
555 2383 586 2444 in
611 2383 739 2445 dictum
771 2383 934 2461 hospitale
959 2393 992 2444 et
1017 2383 1128 2446 dictos
1159 2381 1277 2444 fratres
1308 2391 1377 2443 tam
1411 2385 1635 2459 presentarios
1664 2401 1765 2462 quam

316 2488 455 2566 futuros,
479 2489 635 2565 volentes,
668 2489 759 2570 quod
785 2492 845 2568 ipsi
870 2489 1056 2552 efficiantur
1080 2491 1246 2552 dictarum
1275 2489 1491 2551 ecclesiarum
1517 2499 1550 2550 et
1573 2490 1695 2550 iurium
1720 2489 1763 2550 ad

314 2596 404 2674 ipsas
441 2597 680 2676 pertinencium
730 2601 798 2659 veri
834 2597 961 2659 domini
994 2606 1027 2659 et
1058 2599 1198 2677 patroni,
1230 2599 1317 2659 sicut
1351 2615 1414 2657 nos
1449 2595 1570 2658 fuimus
1604 2597 1656 2658 vel
1692 2615 1764 2657 esse

315 2707 486 2783 potuimus
516 2704 666 2783 qualibet
699 2707 842 2782 racione,
878 2725 1009 2766 necnon
1041 2724 1074 2766 et
1106 2705 1198 2785 quod
1236 2705 1296 2782 ipsi
1333 2703 1529 2782 possideant
1560 2713 1594 2765 et
1624 2715 1762 2766 teneant

316 2811 406 2888 ipsas
430 2811 589 2873 ecclesias
610 2831 686 2874 cum
707 2813 869 2874 universis
893 2823 926 2873 et
949 2811 1087 2892 singulis
1112 2812 1207 2874 bonis
1233 2820 1266 2873 et
1290 2813 1415 2874 iuribus
1436 2812 1478 2873 ad
1500 2814 1589 2891 ipsas
1609 2821 1764 2891 spectan-

315 2918 405 2980 tibus
428 2928 462 2978 et
485 2920 535 2979 ius
560 2927 758 2998 patronatus
783 2923 816 2982 in
840 2919 920 2999 ipsis
952 2921 1127 2981 obtineant
1160 2917 1257 2992 licite,
1290 2917 1393 2979 libere
1417 2938 1457 2980 ac
1481 2938 1608 2996 secure,
1632 2930 1764 2981 contra-

317 3023 468 3085 diccione
499 3024 647 3104 qualibet
671 3027 702 3086 in
727 3038 899 3105 posterum
932 3029 1134 3105 quiescente,
1166 3027 1252 3105 quia,
1285 3045 1361 3086 cum
1392 3045 1452 3105 pro
1477 3027 1627 3088 remedio
1652 3029 1764 3087 anime

317 3131 488 3210 quondam
514 3133 641 3194 domini
665 3134 769 3213 patris
793 3136 896 3196 nostri
921 3131 1067 3212 prefatas
1092 3131 1252 3194 ecclesias
1283 3152 1359 3194 cum
1384 3136 1546 3195 universis
1571 3143 1604 3194 et
1628 3134 1764 3215 singulis

318 3239 414 3302 bonis
448 3253 481 3300 et
504 3241 629 3302 iuribus
667 3241 710 3303 ad
743 3243 832 3318 ipsas
864 3241 1107 3318 pertinentibus
1138 3240 1229 3301 dicto
1262 3239 1415 3319 hospitali
1448 3250 1481 3301 et
1506 3240 1670 3318 fratribus,
1694 3244 1763 3320 qui·

317 3365 449 3426 cunque
484 3347 610 3408 ibidem
647 3367 706 3426 pro
741 3357 896 3426 tempore
932 3347 1061 3424 fuerint,
1097 3347 1292 3408 duxerimus
1327 3348 1576 3426 concedendas
1609 3348 1764 3410 nolumus

316 3455 459 3532 penitus
492 3454 584 3534 quod
621 3455 663 3516 ab
699 3455 812 3535 aliquo
848 3453 974 3516 dictum
1010 3455 1176 3532 hospitale
1211 3474 1270 3516 seu
1306 3452 1423 3516 fratres
1455 3455 1487 3516 in
1519 3455 1640 3516 eodem
1673 3475 1764 3518 com-

316 3572 489 3622 morantes
514 3580 614 3640 super
645 3562 743 3623 dictis
775 3561 926 3624 ecclesiis
959 3572 1058 3641 atque
1091 3564 1188 3622 bonis
1212 3571 1245 3622 et
1269 3563 1396 3622 iuribus
1419 3562 1613 3623 earumdem
1637 3563 1762 3643 inquie-

315 3675 427 3728 tentur
451 3667 502 3729 vel
527 3669 736 3747 aliquatenus
769 3669 994 3744 molestentur,
1019 3669 1078 3730 sed
1111 3669 1157 3729 uti
1188 3671 1236 3729 eis
1262 3669 1365 3730 libere
1390 3688 1430 3729 ac
1454 3688 1570 3730 secure
1600 3679 1764 3750 perpetuo

318 3775 560 3850 permittantur.
591 3775 627 3836 In
652 3795 792 3856 quarum
818 3775 1062 3848 ratificacionis‚
1087 3775 1356 3838 confirmacionis
1382 3785 1415 3837 et
1439 3777 1637 3839 donacionis
1662 3787 1764 3858 atque

316 3883 543 3944 concessionis
567 3893 758 3945 nostrarum
782 3885 1008 3945 testimonium
1034 3893 1068 3945 et
1093 3885 1195 3945 robur
1221 3893 1383 3962 perpetuo
1408 3884 1602 3946 duraturum
1628 3904 1765 3964 presens

317 3989 520 4070 privilegium
545 3988 617 4052 fieri
641 4001 674 4050 et
698 3989 810 4072 sigillis
835 3994 957 4054 nostris
981 3993 1136 4053 iussimus
1161 3993 1367 4053 communiri.
1414 3991 1535 4052 Datum
1561 4011 1620 4070 per
1644 4010 1764 4054 manus

317 4097 435 4158 notarii
460 4098 562 4176 (regni
589 4092 751 4172 Boemie)¹¹
776 4109 837 4160 etc.

422 4270 481 4324 Fol.
507 4275 541 4323 22
566 4270 590 4324 ἆ.
612 4275 670 4335 148,
690 4272 735 4324 tei
761 4288 779 4323 v
801 4274 843 4325 rk.
870 4273 1000 4339 kapituly
1028 4273 1150 4326 Praislre
1164 4273 1179 4342 J
1194 4271 1239 4324 40b
1261 4271 1308 4326 fol.
1329 4276 1390 4325 234¹
1415 4288 1468 4324 av
1488 4274 1529 4326 rk.
1550 4273 1764 4326 wilherinskem

315 4365 349 4412 st.
369 4363 474 4412 69-71
502 4361 636 4430 (Palacky
659 4361 887 4416 Formelbtlcher
915 4363 923 4415 l
948 4371 982 4416 st.
1003 4361 1074 4432 338).
1113 4361 1296 4416 Ocatovfmi
1321 4378 1376 4414 aru.
1404 4378 1486 4428 pozn.
1512 4379 1530 4414 u
1556 4361 1606 4415 cis.
1627 4369 1686 4424 144,
1706 4362 1765 4415 ltde

316 4449 421 4516 biskup
441 4449 550 4504 Tobias
569 4451 720 4519 potvrzuje
739 4457 801 4504 toto
821 4452 968 4505 darovani.
1000 4452 1026 4504 Ο
1048 4451 1304 4522 chronologickem
1325 4449 1456 4505 om'ezem'
1475 4453 1576 4505 rokem
1597 4457 1667 4504 1290
1687 4468 1765 4506 srov.

317 4539 394 4592 duod
414 4539 441 4592 II
462 4545 486 4592 3.

426 4665 445 4730 ι)
466 4664 620 4718 Vaclavice
640 4682 657 4718 v
677 4666 859 4719 Berounsku.
881 4695 912 4705 n
936 4665 955 4733 ')
975 4652 1092 4720 Zivhosf
1111 4667 1229 4720 tamtei.

422 4931 449 5002 a)
469 4935 528 4995 ,eis
548 4933 597 4992 ln..
617 4934 660 4997 ,ei‘
675 4933 748 5000 Kap.
763 4933 784 5001 J.
812 4962 845 4972 -
871 4931 900 5002 b)
921 4933 1130 4992 ,revelavimus
1151 4934 1200 4996 ln,
1220 4934 1398 4996 ,relevamus¹
1419 4933 1491 5000 Kap.
1505 4934 1537 5003 J,
1557 4935 1764 4997 ,relevacionis¹

315 5020 378 5075 Wil.
405 5051 437 5060 -
464 5020 490 5092 c)
511 5023 568 5088 ‚pii¹
587 5022 784 5090 ln.aKap.J‚‚
807 5024 873 5089 ,pio¹
900 5022 965 5076 Wil.
992 5053 1024 5061 —
1050 5023 1080 5084 dl
1106 5024 1233 5087 ,maritis‘
1259 5023 1308 5088 ln,
1334 5021 1477 5088 ,Rewnicz
1506 5025 1640 5077 matricis‘
1666 5025 1765 5076 schazi

315 5127 332 5160 v
346 5109 417 5179 Kap.
429 5110 452 5179 J.
466 5141 499 5151 —
513 5113 540 5178 e)
556 5113 613 5174 ‚tali
627 5113 700 5166 villa*
711 5113 776 5181 Kap
798 5113 819 5181 J.
836 5143 868 5152 --
882 5113 904 5182 f)
919 5115 1045 5176 ,iuribus
1066 5115 1191 5167 dvakrat
1204 5130 1221 5167 v
1235 5113 1275 5166 ln.
1292 5143 1324 5152 -
1338 5113 1366 5181 g)
1380 5114 1584 5182 ,pertinenciis‘
1598 5112 1671 5181 Kap.
1686 5113 1709 5182 J.
1731 5143 1764 5152 -

316 5199 343 5268 b)
364 5201 516 5268 DoplnEno
536 5202 583 5254 dle
603 5201 675 5270 Kap.
691 5202 713 5272 J.
