<?xml version="1.0" encoding="UTF-8"?>
<!DOCTYPE html PUBLIC "-//W3C//DTD XHTML 1.0 Transitional//EN"
    "http://www.w3.org/TR/xhtml1/DTD/xhtml1-transitional.dtd">
<html xmlns="http://www.w3.org/1999/xhtml" xml:lang="en" lang="en">
 <head>
  <title>
</title>
<meta http-equiv="Content-Type" content="text/html;charset=utf-8" />
  <meta name='ocr-system' content='tesseract 3.04.00' />
  <meta name='ocr-capabilities' content='ocr_page ocr_carea ocr_par ocr_line ocrx_word'/>
</head>
<body>
  <div class='ocr_page' id='page_1' title='image "./formulbiskupato00novgoog_0271.png"; bbox 0 0 3988 5844; ppageno 0'>
   <div class='ocr_carea' id='block_1_1' title="bbox 938 405 991 454">
    <p class='ocr_par' dir='ltr' id='par_1_1' title="bbox 938 405 991 454">
     <span class='ocr_line' id='line_1_1' title="bbox 938 405 991 454; baseline 0.019 -2"><span class='ocrx_word' id='word_1_1' title='bbox 938 405 991 454; x_wconf 85' lang='lat'>229</span> 
     </span>
    </p>
   </div>
   <div class='ocr_carea' id='block_1_2' title="bbox 237 615 939 4971">
    <p class='ocr_par' dir='ltr' id='par_1_2' title="bbox 242 615 937 862">
     <span class='ocr_line' id='line_1_2' title="bbox 242 615 937 683; baseline -0.004 -12"><span class='ocrx_word' id='word_1_2' title='bbox 242 616 348 671; x_wconf 87' lang='lat' dir='ltr'>Notum</span> <span class='ocrx_word' id='word_1_3' title='bbox 368 631 432 668; x_wconf 90' lang='lat' dir='ltr'>esse</span> <span class='ocrx_word' id='word_1_4' title='bbox 453 617 587 669; x_wconf 89' lang='lat' dir='ltr'>volumus</span> <span class='ocrx_word' id='word_1_5' title='bbox 606 625 670 680; x_wconf 82' lang='lat' dir='ltr'>etc,</span> <span class='ocrx_word' id='word_1_6' title='bbox 685 615 765 683; x_wconf 89' lang='lat' dir='ltr'>quod</span> <span class='ocrx_word' id='word_1_7' title='bbox 780 630 834 668; x_wconf 90' lang='lat' dir='ltr'>nos</span> <span class='ocrx_word' id='word_1_8' title='bbox 847 615 937 668; x_wconf 88' lang='lat' dir='ltr'>divini</span> 
     </span>
     <span class='ocr_line' id='line_1_3' title="bbox 296 704 937 774; baseline -0.003 -14"><span class='ocrx_word' id='word_1_9' title='bbox 296 705 419 760; x_wconf 90' lang='lat' dir='ltr'>numinis</span> <span class='ocrx_word' id='word_1_10' title='bbox 444 704 554 758; x_wconf 89' lang='lat' dir='ltr'>cultum</span> <span class='ocrx_word' id='word_1_11' title='bbox 580 733 613 741; x_wconf 96' lang='lat'>-</span> <span class='ocrx_word' id='word_1_12' title='bbox 634 733 667 742; x_wconf 92' lang='lat'>-</span> <span class='ocrx_word' id='word_1_13' title='bbox 688 732 719 742; x_wconf 98' lang='lat'>-</span> <span class='ocrx_word' id='word_1_14' title='bbox 740 705 836 774; x_wconf 84' lang='lat' dir='ltr'>gracia</span> <span class='ocrx_word' id='word_1_15' title='bbox 856 704 937 758; x_wconf 90' lang='lat' dir='ltr'>invo-</span> 
     </span>
     <span class='ocr_line' id='line_1_4' title="bbox 296 785 524 862; baseline -0.013 -14"><span class='ocrx_word' id='word_1_16' title='bbox 296 801 369 848; x_wconf 91' lang='lat' dir='ltr'>cata.</span> <span class='ocrx_word' id='word_1_17' title='bbox 388 785 428 862; x_wconf 81' lang='lat' dir='ltr'>(C.</span> <span class='ocrx_word' id='word_1_18' title='bbox 448 796 524 856; x_wconf 90' lang='grc'><strong>220).</strong></span> 
     </span>
    </p>

    <p class='ocr_par' dir='ltr' id='par_1_3' title="bbox 241 881 937 1128">
     <span class='ocr_line' id='line_1_5' title="bbox 241 881 937 950; baseline -0.003 -12"><span class='ocrx_word' id='word_1_19' title='bbox 241 884 347 938; x_wconf 91' lang='lat' dir='ltr'>Notum</span> <span class='ocrx_word' id='word_1_20' title='bbox 367 899 433 937; x_wconf 90' lang='lat' dir='ltr'>esse</span> <span class='ocrx_word' id='word_1_21' title='bbox 451 881 585 936; x_wconf 90' lang='lat' dir='ltr'>volumus</span> <span class='ocrx_word' id='word_1_22' title='bbox 605 889 668 946; x_wconf 70' lang='lat' dir='ltr'>etc..</span> <span class='ocrx_word' id='word_1_23' title='bbox 682 881 764 950; x_wconf 90' lang='lat' dir='ltr'>quod</span> <span class='ocrx_word' id='word_1_24' title='bbox 778 897 831 935; x_wconf 92' lang='lat' dir='ltr'>nos</span> <span class='ocrx_word' id='word_1_25' title='bbox 844 883 937 936; x_wconf 88' lang='lat' dir='ltr'>eccle·</span> 
     </span>
     <span class='ocr_line' id='line_1_6' title="bbox 296 971 937 1039; baseline -0.003 -13"><span class='ocrx_word' id='word_1_26' title='bbox 296 973 368 1027; x_wconf 89' lang='lat' dir='ltr'>siam</span> <span class='ocrx_word' id='word_1_27' title='bbox 386 1001 423 1010; x_wconf 92' lang='lat'>-</span> <span class='ocrx_word' id='word_1_28' title='bbox 435 999 468 1010; x_wconf 92' lang='lat'>-</span> <span class='ocrx_word' id='word_1_29' title='bbox 486 1001 511 1010; x_wconf 87' lang='lat'>-</span> <span class='ocrx_word' id='word_1_30' title='bbox 530 977 618 1038; x_wconf 92' lang='lat' dir='ltr'>prout</span> <span class='ocrx_word' id='word_1_31' title='bbox 630 971 669 1024; x_wconf 88' lang='lat' dir='ltr'>ad</span> <span class='ocrx_word' id='word_1_32' title='bbox 678 977 810 1024; x_wconf 90' lang='lat' dir='ltr'>nostrum</span> <span class='ocrx_word' id='word_1_33' title='bbox 824 979 937 1039; x_wconf 89' lang='lat' dir='ltr'>spectat</span> 
     </span>
     <span class='ocr_line' id='line_1_7' title="bbox 296 1047 830 1128; baseline -0.009 -12"><span class='ocrx_word' id='word_1_34' title='bbox 296 1061 433 1123; x_wconf 87' lang='lat' dir='ltr'>officium,</span> <span class='ocrx_word' id='word_1_35' title='bbox 453 1061 676 1114; x_wconf 82' lang='lat' dir='ltr'>committentes.</span> <span class='ocrx_word' id='word_1_36' title='bbox 696 1047 736 1128; x_wconf 78' lang='lat' dir='ltr'>[C.</span> <span class='ocrx_word' id='word_1_37' title='bbox 757 1063 830 1118; x_wconf 86' lang='grc'><strong>219).</strong></span> 
     </span>
    </p>

    <p class='ocr_par' dir='ltr' id='par_1_4' title="bbox 242 1150 937 1396">
     <span class='ocr_line' id='line_1_8' title="bbox 242 1150 936 1218; baseline -0.006 -10"><span class='ocrx_word' id='word_1_38' title='bbox 242 1154 349 1208; x_wconf 90' lang='lat' dir='ltr'>Notum</span> <span class='ocrx_word' id='word_1_39' title='bbox 374 1165 440 1204; x_wconf 89' lang='lat' dir='ltr'>esse</span> <span class='ocrx_word' id='word_1_40' title='bbox 465 1150 600 1204; x_wconf 88' lang='lat' dir='ltr'>volumus</span> <span class='ocrx_word' id='word_1_41' title='bbox 625 1157 690 1212; x_wconf 84' lang='lat' dir='ltr'>etc,</span> <span class='ocrx_word' id='word_1_42' title='bbox 715 1153 794 1218; x_wconf 81' lang='lat' dir='ltr'>quod</span> <span class='ocrx_word' id='word_1_43' title='bbox 816 1165 869 1204; x_wconf 90' lang='lat' dir='ltr'>nos</span> <span class='ocrx_word' id='word_1_44' title='bbox 889 1151 936 1204; x_wconf 94' lang='lat' dir='ltr'>ho·</span> 
     </span>
     <span class='ocr_line' id='line_1_9' title="bbox 295 1239 937 1308; baseline -0.003 -13"><span class='ocrx_word' id='word_1_45' title='bbox 295 1248 380 1295; x_wconf 89' lang='lat' dir='ltr'>nesto</span> <span class='ocrx_word' id='word_1_46' title='bbox 406 1240 469 1294; x_wconf 93' lang='lat' dir='ltr'>viro</span> <span class='ocrx_word' id='word_1_47' title='bbox 494 1239 614 1292; x_wconf 91' lang='lat' dir='ltr'>domino</span> <span class='ocrx_word' id='word_1_48' title='bbox 641 1239 683 1308; x_wconf 91' lang='lat' dir='ltr'>Jo.</span> <span class='ocrx_word' id='word_1_49' title='bbox 712 1239 875 1306; x_wconf 84' lang='lat' dir='ltr'>presbitero</span> <span class='ocrx_word' id='word_1_50' title='bbox 903 1267 937 1278; x_wconf 92' lang='lat'>-</span> 
     </span>
     <span class='ocr_line' id='line_1_10' title="bbox 297 1315 937 1396; baseline 0 -14"><span class='ocrx_word' id='word_1_51' title='bbox 297 1361 329 1369; x_wconf 91' lang='lat'><em>-</em></span> <span class='ocrx_word' id='word_1_52' title='bbox 344 1359 377 1369; x_wconf 93' lang='lat'>-</span> <span class='ocrx_word' id='word_1_53' title='bbox 391 1329 588 1382; x_wconf 88' lang='lat' dir='ltr'>testimonium</span> <span class='ocrx_word' id='word_1_54' title='bbox 602 1328 797 1396; x_wconf 86' lang='lat' dir='ltr'>perhibentes.</span> <span class='ocrx_word' id='word_1_55' title='bbox 810 1315 851 1392; x_wconf 77' lang='lat' dir='ltr'>(C.</span> <span class='ocrx_word' id='word_1_56' title='bbox 866 1331 937 1382; x_wconf 68' lang='lat'>1³81.</span> 
     </span>
    </p>

    <p class='ocr_par' dir='ltr' id='par_1_5' title="bbox 241 1417 938 1756">
     <span class='ocr_line' id='line_1_11' title="bbox 241 1417 938 1484; baseline -0.004 -9"><span class='ocrx_word' id='word_1_57' title='bbox 241 1421 348 1475; x_wconf 85' lang='lat' dir='ltr'>Notum</span> <span class='ocrx_word' id='word_1_58' title='bbox 368 1433 433 1473; x_wconf 89' lang='lat' dir='ltr'>esse</span> <span class='ocrx_word' id='word_1_59' title='bbox 458 1417 594 1471; x_wconf 90' lang='lat' dir='ltr'>volumus</span> <span class='ocrx_word' id='word_1_60' title='bbox 620 1425 771 1484; x_wconf 77' lang='lat' dir='ltr'>presentes</span> <span class='ocrx_word' id='word_1_61' title='bbox 796 1417 938 1472; x_wconf 90' lang='lat' dir='ltr'>universis</span> 
     </span>
     <span class='ocr_line' id='line_1_12' title="bbox 296 1507 937 1576; baseline -0.005 -12"><span class='ocrx_word' id='word_1_62' title='bbox 296 1511 393 1564; x_wconf 88' lang='lat' dir='ltr'>literas</span> <span class='ocrx_word' id='word_1_63' title='bbox 423 1509 484 1568; x_wconf 82' lang='lat' dir='ltr'>ins,</span> <span class='ocrx_word' id='word_1_64' title='bbox 519 1507 600 1576; x_wconf 91' lang='lat' dir='ltr'>quod</span> <span class='ocrx_word' id='word_1_65' title='bbox 637 1523 692 1560; x_wconf 92' lang='lat' dir='ltr'>nos</span> <span class='ocrx_word' id='word_1_66' title='bbox 723 1507 878 1560; x_wconf 90' lang='lat' dir='ltr'>reverendi</span> <span class='ocrx_word' id='word_1_67' title='bbox 909 1509 937 1561; x_wconf 91' lang='lat' dir='ltr'>in</span> 
     </span>
     <span class='ocr_line' id='line_1_13' title="bbox 296 1595 937 1661; baseline -0.002 -10"><span class='ocrx_word' id='word_1_68' title='bbox 296 1597 413 1651; x_wconf 90' lang='lat' dir='ltr'>Christo</span> <span class='ocrx_word' id='word_1_69' title='bbox 433 1597 524 1661; x_wconf 90' lang='lat' dir='ltr'>patris</span> <span class='ocrx_word' id='word_1_70' title='bbox 546 1625 577 1635; x_wconf 95' lang='lat'>-</span> <span class='ocrx_word' id='word_1_71' title='bbox 602 1625 628 1633; x_wconf 93' lang='lat'>-</span> <span class='ocrx_word' id='word_1_72' title='bbox 652 1625 685 1636; x_wconf 90' lang='lat'><em>-</em></span> <span class='ocrx_word' id='word_1_73' title='bbox 706 1595 824 1649; x_wconf 87' lang='lat' dir='ltr'>utilibus</span> <span class='ocrx_word' id='word_1_74' title='bbox 843 1596 937 1650; x_wconf 87' lang='lat' dir='ltr'>etho·</span> 
     </span>
     <span class='ocr_line' id='line_1_14' title="bbox 297 1681 532 1756; baseline -0.021 -14"><span class='ocrx_word' id='word_1_75' title='bbox 297 1689 395 1742; x_wconf 90' lang='lat' dir='ltr'>nestis.</span> <span class='ocrx_word' id='word_1_76' title='bbox 416 1681 458 1756; x_wconf 81' lang='lat' dir='ltr'>(C.</span> <span class='ocrx_word' id='word_1_77' title='bbox 478 1689 532 1754; x_wconf 91' lang='grc'><strong>59).</strong></span> 
     </span>
    </p>

    <p class='ocr_par' dir='ltr' id='par_1_6' title="bbox 242 1775 937 2026">
     <span class='ocr_line' id='line_1_15' title="bbox 242 1775 937 1843; baseline -0.006 -11"><span class='ocrx_word' id='word_1_78' title='bbox 242 1779 349 1833; x_wconf 87' lang='lat' dir='ltr'>Notum</span> <span class='ocrx_word' id='word_1_79' title='bbox 374 1793 441 1831; x_wconf 89' lang='lat' dir='ltr'>esse</span> <span class='ocrx_word' id='word_1_80' title='bbox 464 1777 608 1840; x_wconf 80' lang='lat' dir='ltr'>volumus¹</span> <span class='ocrx_word' id='word_1_81' title='bbox 634 1775 714 1843; x_wconf 89' lang='lat' dir='ltr'>quod</span> <span class='ocrx_word' id='word_1_82' title='bbox 740 1790 793 1828; x_wconf 90' lang='lat' dir='ltr'>nos</span> <span class='ocrx_word' id='word_1_83' title='bbox 817 1791 868 1841; x_wconf 90' lang='lat' dir='ltr'>per</span> <span class='ocrx_word' id='word_1_84' title='bbox 888 1791 937 1828; x_wconf 92' lang='lat' dir='ltr'>no-</span> 
     </span>
     <span class='ocr_line' id='line_1_16' title="bbox 296 1866 937 1924; baseline -0.008 -1"><span class='ocrx_word' id='word_1_85' title='bbox 296 1867 383 1924; x_wconf 89' lang='lat' dir='ltr'>bilem</span> <span class='ocrx_word' id='word_1_86' title='bbox 413 1867 504 1921; x_wconf 88' lang='lat' dir='ltr'>virum</span> <span class='ocrx_word' id='word_1_87' title='bbox 526 1895 558 1903; x_wconf 97' lang='lat'><em>-</em></span> <span class='ocrx_word' id='word_1_88' title='bbox 590 1893 619 1903; x_wconf 89' lang='lat'>-</span> <span class='ocrx_word' id='word_1_89' title='bbox 653 1893 685 1904; x_wconf 94' lang='lat'><em>-</em></span> <span class='ocrx_word' id='word_1_90' title='bbox 714 1866 937 1920; x_wconf 86' lang='lat' dir='ltr'>committentes.</span> 
     </span>
     <span class='ocr_line' id='line_1_17' title="bbox 297 1949 429 2026; baseline -0.008 -17"><span class='ocrx_word' id='word_1_91' title='bbox 297 1949 337 2026; x_wconf 75' lang='lat' dir='ltr'>(C.</span> <span class='ocrx_word' id='word_1_92' title='bbox 358 1957 429 2022; x_wconf 86' lang='lat'>105).</span> 
     </span>
    </p>

    <p class='ocr_par' dir='ltr' id='par_1_7' title="bbox 243 2043 939 2380">
     <span class='ocr_line' id='line_1_18' title="bbox 243 2043 938 2111; baseline -0.01 -8"><span class='ocrx_word' id='word_1_93' title='bbox 243 2047 350 2103; x_wconf 83' lang='lat' dir='ltr'>Notum</span> <span class='ocrx_word' id='word_1_94' title='bbox 368 2060 434 2102; x_wconf 91' lang='lat' dir='ltr'>esse</span> <span class='ocrx_word' id='word_1_95' title='bbox 452 2045 587 2098; x_wconf 90' lang='lat' dir='ltr'>volumus</span> <span class='ocrx_word' id='word_1_96' title='bbox 605 2043 749 2098; x_wconf 90' lang='lat' dir='ltr'>universis</span> <span class='ocrx_word' id='word_1_97' title='bbox 768 2049 831 2111; x_wconf 83' lang='lat' dir='ltr'>ete,</span> <span class='ocrx_word' id='word_1_98' title='bbox 857 2043 938 2110; x_wconf 89' lang='lat' dir='ltr'>quod</span> 
     </span>
     <span class='ocr_line' id='line_1_19' title="bbox 296 2132 939 2200; baseline -0.011 -9"><span class='ocrx_word' id='word_1_99' title='bbox 296 2138 437 2191; x_wconf 92' lang='lat' dir='ltr'>honestus</span> <span class='ocrx_word' id='word_1_100' title='bbox 446 2135 490 2187; x_wconf 92' lang='lat' dir='ltr'>vir</span> <span class='ocrx_word' id='word_1_101' title='bbox 504 2173 510 2188; x_wconf 98' lang='lat'>.</span> <span class='ocrx_word' id='word_1_102' title='bbox 524 2173 530 2186; x_wconf 88' lang='lat'>.</span> <span class='ocrx_word' id='word_1_103' title='bbox 545 2133 735 2200; x_wconf 89' lang='lat' dir='ltr'>plebanus-</span> <span class='ocrx_word' id='word_1_104' title='bbox 748 2160 781 2170; x_wconf 90' lang='lat'><em>-</em></span> <span class='ocrx_word' id='word_1_105' title='bbox 796 2159 830 2170; x_wconf 92' lang='lat'>-</span> <span class='ocrx_word' id='word_1_106' title='bbox 841 2132 939 2185; x_wconf 82' lang='lat' dir='ltr'>literas</span> 
     </span>
     <span class='ocr_line' id='line_1_20' title="bbox 296 2221 938 2291; baseline -0.009 -12"><span class='ocrx_word' id='word_1_107' title='bbox 296 2226 350 2280; x_wconf 92' lang='lat' dir='ltr'>sibi</span> <span class='ocrx_word' id='word_1_108' title='bbox 370 2223 431 2278; x_wconf 89' lang='lat' dir='ltr'>fieri</span> <span class='ocrx_word' id='word_1_109' title='bbox 445 2223 566 2277; x_wconf 88' lang='lat' dir='ltr'>fecimus</span> <span class='ocrx_word' id='word_1_110' title='bbox 580 2223 672 2275; x_wconf 88' lang='lat' dir='ltr'>nostri</span> <span class='ocrx_word' id='word_1_111' title='bbox 684 2221 767 2291; x_wconf 80' lang='lat' dir='ltr'>sigilli</span> <span class='ocrx_word' id='word_1_112' title='bbox 781 2221 938 2274; x_wconf 89' lang='lat' dir='ltr'>munimine</span> 
     </span>
     <span class='ocr_line' id='line_1_21' title="bbox 296 2303 612 2380; baseline -0.013 -12"><span class='ocrx_word' id='word_1_113' title='bbox 296 2316 457 2369; x_wconf 90' lang='lat' dir='ltr'>roboratas.</span> <span class='ocrx_word' id='word_1_114' title='bbox 478 2303 519 2380; x_wconf 76' lang='lat' dir='ltr'>(C.</span> <span class='ocrx_word' id='word_1_115' title='bbox 540 2313 612 2378; x_wconf 90' lang='lat'>210).</span> 
     </span>
    </p>

    <p class='ocr_par' dir='ltr' id='par_1_8' title="bbox 241 2402 938 2648">
     <span class='ocr_line' id='line_1_22' title="bbox 241 2402 938 2470; baseline -0.007 -10"><span class='ocrx_word' id='word_1_116' title='bbox 241 2403 349 2460; x_wconf 81' lang='lat' dir='ltr'>Notum</span> <span class='ocrx_word' id='word_1_117' title='bbox 368 2417 434 2458; x_wconf 88' lang='lat' dir='ltr'>esse</span> <span class='ocrx_word' id='word_1_118' title='bbox 453 2403 588 2456; x_wconf 89' lang='lat' dir='ltr'>volumus</span> <span class='ocrx_word' id='word_1_119' title='bbox 606 2402 752 2455; x_wconf 90' lang='lat' dir='ltr'>universis</span> <span class='ocrx_word' id='word_1_120' title='bbox 771 2407 833 2464; x_wconf 86' lang='lat' dir='ltr'>etc..</span> <span class='ocrx_word' id='word_1_121' title='bbox 857 2402 938 2470; x_wconf 90' lang='lat' dir='ltr'>quod</span> 
     </span>
     <span class='ocr_line' id='line_1_23' title="bbox 297 2492 938 2558; baseline -0.005 -11"><span class='ocrx_word' id='word_1_122' title='bbox 297 2495 364 2548; x_wconf 89' lang='lat' dir='ltr'>licet</span> <span class='ocrx_word' id='word_1_123' title='bbox 382 2492 513 2546; x_wconf 88' lang='lat' dir='ltr'>nondum</span> <span class='ocrx_word' id='word_1_124' title='bbox 534 2519 565 2528; x_wconf 91' lang='lat'>-</span> <span class='ocrx_word' id='word_1_125' title='bbox 588 2519 620 2529; x_wconf 99' lang='lat'><em>-</em></span> <span class='ocrx_word' id='word_1_126' title='bbox 641 2497 797 2544; x_wconf 85' lang='lat' dir='ltr'>-tenore</span> <span class='ocrx_word' id='word_1_127' title='bbox 821 2505 938 2558; x_wconf 86' lang='lat' dir='ltr'>presen-</span> 
     </span>
     <span class='ocr_line' id='line_1_24' title="bbox 296 2571 722 2648; baseline -0.007 -11"><span class='ocrx_word' id='word_1_128' title='bbox 296 2584 372 2637; x_wconf 89' lang='lat' dir='ltr'>cium</span> <span class='ocrx_word' id='word_1_129' title='bbox 392 2583 571 2635; x_wconf 87' lang='lat' dir='ltr'>innovantes.</span> <span class='ocrx_word' id='word_1_130' title='bbox 591 2571 630 2648; x_wconf 84' lang='lat' dir='ltr'>(C.</span> <span class='ocrx_word' id='word_1_131' title='bbox 651 2578 722 2648; x_wconf 84' lang='lat'>209).</span> 
     </span>
    </p>

    <p class='ocr_par' dir='ltr' id='par_1_9' title="bbox 243 2669 939 2920">
     <span class='ocr_line' id='line_1_25' title="bbox 243 2669 938 2739; baseline -0.009 -10"><span class='ocrx_word' id='word_1_132' title='bbox 243 2674 350 2729; x_wconf 86' lang='lat' dir='ltr'>Notum</span> <span class='ocrx_word' id='word_1_133' title='bbox 369 2669 588 2726; x_wconf 86' lang='lat' dir='ltr'>essevolumus</span> <span class='ocrx_word' id='word_1_134' title='bbox 607 2669 751 2723; x_wconf 88' lang='lat' dir='ltr'>universis</span> <span class='ocrx_word' id='word_1_135' title='bbox 770 2675 832 2734; x_wconf 78' lang='lat' dir='ltr'>etc.¹</span> <span class='ocrx_word' id='word_1_136' title='bbox 858 2669 938 2739; x_wconf 91' lang='lat' dir='ltr'>quod</span> 
     </span>
     <span class='ocr_line' id='line_1_26' title="bbox 296 2758 937 2826; baseline -0.005 -11"><span class='ocrx_word' id='word_1_137' title='bbox 296 2777 351 2815; x_wconf 93' lang='lat' dir='ltr'>nos</span> <span class='ocrx_word' id='word_1_138' title='bbox 379 2759 581 2814; x_wconf 90' lang='lat' dir='ltr'>condicionem</span> <span class='ocrx_word' id='word_1_139' title='bbox 610 2765 740 2812; x_wconf 89' lang='lat' dir='ltr'>nostram</span> <span class='ocrx_word' id='word_1_140' title='bbox 769 2765 799 2811; x_wconf 91' lang='lat' dir='ltr'>et</span> <span class='ocrx_word' id='word_1_141' title='bbox 826 2758 937 2826; x_wconf 90' lang='lat' dir='ltr'>episco-</span> 
     </span>
     <span class='ocr_line' id='line_1_27' title="bbox 297 2835 939 2920; baseline -0.003 -15"><span class='ocrx_word' id='word_1_142' title='bbox 297 2858 427 2920; x_wconf 88' lang='lat' dir='ltr'>patus-</span> <span class='ocrx_word' id='word_1_143' title='bbox 443 2876 475 2886; x_wconf 98' lang='lat'><em>-</em></span> <span class='ocrx_word' id='word_1_144' title='bbox 491 2877 524 2886; x_wconf 93' lang='lat'>-</span> <span class='ocrx_word' id='word_1_145' title='bbox 539 2847 660 2902; x_wconf 89' lang='lat' dir='ltr'>licencia</span> <span class='ocrx_word' id='word_1_146' title='bbox 673 2847 799 2916; x_wconf 87' lang='lat' dir='ltr'>speciali.</span> <span class='ocrx_word' id='word_1_147' title='bbox 812 2835 852 2912; x_wconf 62' lang='lat' dir='ltr'>(C</span> <span class='ocrx_word' id='word_1_148' title='bbox 867 2851 939 2910; x_wconf 88' lang='grc'><strong>255).</strong></span> 
     </span>
    </p>

    <p class='ocr_par' dir='ltr' id='par_1_10' title="bbox 243 2937 938 3276">
     <span class='ocr_line' id='line_1_28' title="bbox 243 2937 938 3005; baseline -0.013 -7"><span class='ocrx_word' id='word_1_149' title='bbox 243 2943 349 2998; x_wconf 82' lang='lat' dir='ltr'>Notum</span> <span class='ocrx_word' id='word_1_150' title='bbox 368 2954 434 2992; x_wconf 89' lang='lat' dir='ltr'>esse</span> <span class='ocrx_word' id='word_1_151' title='bbox 453 2937 588 2991; x_wconf 88' lang='lat' dir='ltr'>volumus</span> <span class='ocrx_word' id='word_1_152' title='bbox 607 2937 749 2991; x_wconf 89' lang='lat' dir='ltr'>universis</span> <span class='ocrx_word' id='word_1_153' title='bbox 771 2943 938 3005; x_wconf 88' lang='lat' dir='ltr'>presentem</span> 
     </span>
     <span class='ocr_line' id='line_1_29' title="bbox 296 3025 938 3100; baseline -0.006 -16"><span class='ocrx_word' id='word_1_154' title='bbox 296 3029 430 3100; x_wconf 83' lang='lat' dir='ltr'>paginam</span> <span class='ocrx_word' id='word_1_155' title='bbox 448 3027 511 3091; x_wconf 77' lang='lat' dir='ltr'>ins.¹</span> <span class='ocrx_word' id='word_1_156' title='bbox 543 3025 624 3094; x_wconf 91' lang='lat' dir='ltr'>quod</span> <span class='ocrx_word' id='word_1_157' title='bbox 652 3040 707 3079; x_wconf 88' lang='lat' dir='ltr'>nos</span> <span class='ocrx_word' id='word_1_158' title='bbox 736 3026 938 3081; x_wconf 86' lang='lat' dir='ltr'>condicionem</span> 
     </span>
     <span class='ocr_line' id='line_1_30' title="bbox 296 3115 937 3187; baseline -0.003 -17"><span class='ocrx_word' id='word_1_159' title='bbox 296 3148 332 3160; x_wconf 96' lang='lat'>-</span> <span class='ocrx_word' id='word_1_160' title='bbox 374 3145 408 3155; x_wconf 91' lang='lat'>-</span> <span class='ocrx_word' id='word_1_161' title='bbox 452 3145 485 3153; x_wconf 96' lang='lat'>—</span> <span class='ocrx_word' id='word_1_162' title='bbox 532 3116 718 3183; x_wconf 84' lang='lat' dir='ltr'>presentibus</span> <span class='ocrx_word' id='word_1_163' title='bbox 765 3115 937 3187; x_wconf 81' lang='lat' dir='ltr'>obligarunt.</span> 
     </span>
     <span class='ocr_line' id='line_1_31' title="bbox 298 3197 437 3276; baseline -0.014 -16"><span class='ocrx_word' id='word_1_164' title='bbox 298 3197 340 3272; x_wconf 72' lang='lat' dir='ltr'>(e.</span> <span class='ocrx_word' id='word_1_165' title='bbox 364 3205 437 3276; x_wconf 78' lang='lat'>26⁶).</span> 
     </span>
    </p>

    <p class='ocr_par' dir='ltr' id='par_1_11' title="bbox 243 3295 938 3547">
     <span class='ocr_line' id='line_1_32' title="bbox 243 3295 937 3363; baseline -0.01 -8"><span class='ocrx_word' id='word_1_166' title='bbox 243 3300 350 3355; x_wconf 83' lang='lat' dir='ltr'>Notum</span> <span class='ocrx_word' id='word_1_167' title='bbox 375 3309 441 3350; x_wconf 87' lang='lat' dir='ltr'>esse</span> <span class='ocrx_word' id='word_1_168' title='bbox 469 3295 604 3349; x_wconf 89' lang='lat' dir='ltr'>volumus</span> <span class='ocrx_word' id='word_1_169' title='bbox 633 3295 776 3348; x_wconf 89' lang='lat' dir='ltr'>universis</span> <span class='ocrx_word' id='word_1_170' title='bbox 802 3309 878 3363; x_wconf 87' lang='lat' dir='ltr'>pres.</span> <span class='ocrx_word' id='word_1_171' title='bbox 898 3295 937 3348; x_wconf 89' lang='lat' dir='ltr'>lit.</span> 
     </span>
     <span class='ocr_line' id='line_1_33' title="bbox 294 3385 938 3454; baseline -0.009 -12"><span class='ocrx_word' id='word_1_172' title='bbox 294 3390 357 3450; x_wconf 79' lang='lat' dir='ltr'>ins,</span> <span class='ocrx_word' id='word_1_173' title='bbox 382 3385 462 3454; x_wconf 91' lang='lat' dir='ltr'>quod</span> <span class='ocrx_word' id='word_1_174' title='bbox 487 3399 553 3437; x_wconf 89' lang='lat' dir='ltr'>curn</span> <span class='ocrx_word' id='word_1_175' title='bbox 579 3385 759 3438; x_wconf 89' lang='lat' dir='ltr'>reverendus</span> <span class='ocrx_word' id='word_1_176' title='bbox 785 3413 819 3423; x_wconf 93' lang='lat'>-</span> <span class='ocrx_word' id='word_1_177' title='bbox 845 3413 876 3422; x_wconf 88' lang='lat'><em>-</em></span> <span class='ocrx_word' id='word_1_178' title='bbox 904 3411 938 3422; x_wconf 89' lang='lat'>-</span> 
     </span>
     <span class='ocr_line' id='line_1_34' title="bbox 295 3464 805 3547; baseline -0.006 -16"><span class='ocrx_word' id='word_1_179' title='bbox 295 3476 415 3547; x_wconf 89' lang='lat' dir='ltr'>singulis</span> <span class='ocrx_word' id='word_1_180' title='bbox 434 3473 652 3542; x_wconf 88' lang='lat' dir='ltr'>premissorum.</span> <span class='ocrx_word' id='word_1_181' title='bbox 673 3464 712 3530; x_wconf 65' lang='grc' dir='ltr'>(ὃ.</span> <span class='ocrx_word' id='word_1_182' title='bbox 733 3475 805 3540; x_wconf 90' lang='grc'><strong>267).</strong></span> 
     </span>
    </p>

    <p class='ocr_par' dir='ltr' id='par_1_12' title="bbox 242 3563 936 3812">
     <span class='ocr_line' id='line_1_35' title="bbox 242 3563 936 3630; baseline -0.012 -8"><span class='ocrx_word' id='word_1_183' title='bbox 242 3568 349 3622; x_wconf 87' lang='lat' dir='ltr'>Notum</span> <span class='ocrx_word' id='word_1_184' title='bbox 374 3579 441 3618; x_wconf 91' lang='lat' dir='ltr'>esse</span> <span class='ocrx_word' id='word_1_185' title='bbox 467 3563 600 3616; x_wconf 91' lang='lat' dir='ltr'>volumus</span> <span class='ocrx_word' id='word_1_186' title='bbox 630 3563 774 3616; x_wconf 86' lang='lat' dir='ltr'>universis</span> <span class='ocrx_word' id='word_1_187' title='bbox 803 3577 876 3630; x_wconf 88' lang='lat' dir='ltr'>pres.</span> <span class='ocrx_word' id='word_1_188' title='bbox 899 3563 936 3617; x_wconf 94' lang='lat' dir='ltr'>lit.</span> 
     </span>
     <span class='ocr_line' id='line_1_36' title="bbox 295 3652 935 3722; baseline -0.005 -14"><span class='ocrx_word' id='word_1_189' title='bbox 295 3657 356 3716; x_wconf 78' lang='lat' dir='ltr'>ins.¹</span> <span class='ocrx_word' id='word_1_190' title='bbox 382 3653 463 3722; x_wconf 91' lang='lat' dir='ltr'>quod</span> <span class='ocrx_word' id='word_1_191' title='bbox 491 3653 566 3706; x_wconf 91' lang='lat' dir='ltr'>inter</span> <span class='ocrx_word' id='word_1_192' title='bbox 591 3652 669 3704; x_wconf 89' lang='lat' dir='ltr'>viros</span> <span class='ocrx_word' id='word_1_193' title='bbox 690 3652 829 3718; x_wconf 89' lang='lat' dir='ltr'>providos</span> <span class='ocrx_word' id='word_1_194' title='bbox 850 3682 880 3690; x_wconf 98' lang='lat'>-</span> <span class='ocrx_word' id='word_1_195' title='bbox 904 3681 935 3690; x_wconf 97' lang='lat'>-</span> 
     </span>
     <span class='ocr_line' id='line_1_37' title="bbox 295 3728 737 3812; baseline -0.018 -13"><span class='ocrx_word' id='word_1_196' title='bbox 295 3775 327 3784; x_wconf 89' lang='lat'>-</span> <span class='ocrx_word' id='word_1_197' title='bbox 347 3759 478 3812; x_wconf 92' lang='lat' dir='ltr'>pronon</span> <span class='ocrx_word' id='word_1_198' title='bbox 499 3741 583 3794; x_wconf 89' lang='lat' dir='ltr'>facta.</span> <span class='ocrx_word' id='word_1_199' title='bbox 606 3728 644 3804; x_wconf 80' lang='lat' dir='ltr'>(C.</span> <span class='ocrx_word' id='word_1_200' title='bbox 665 3739 737 3810; x_wconf 90' lang='grc'><strong>165).</strong></span> 
     </span>
    </p>

    <p class='ocr_par' dir='ltr' id='par_1_13' title="bbox 240 3831 935 4170">
     <span class='ocr_line' id='line_1_38' title="bbox 240 3831 935 3898; baseline -0.009 -10"><span class='ocrx_word' id='word_1_201' title='bbox 240 3835 346 3890; x_wconf 85' lang='lat' dir='ltr'>Notum</span> <span class='ocrx_word' id='word_1_202' title='bbox 375 3848 440 3886; x_wconf 91' lang='lat' dir='ltr'>esse</span> <span class='ocrx_word' id='word_1_203' title='bbox 468 3831 603 3884; x_wconf 89' lang='lat' dir='ltr'>volumus</span> <span class='ocrx_word' id='word_1_204' title='bbox 631 3831 774 3884; x_wconf 89' lang='lat' dir='ltr'>universis</span> <span class='ocrx_word' id='word_1_205' title='bbox 799 3845 876 3898; x_wconf 89' lang='lat' dir='ltr'>pres.</span> <span class='ocrx_word' id='word_1_206' title='bbox 897 3831 935 3884; x_wconf 89' lang='lat' dir='ltr'>lit.</span> 
     </span>
     <span class='ocr_line' id='line_1_39' title="bbox 293 3919 934 3993; baseline -0.008 -16"><span class='ocrx_word' id='word_1_207' title='bbox 293 3926 356 3988; x_wconf 83' lang='lat' dir='ltr'>ins,</span> <span class='ocrx_word' id='word_1_208' title='bbox 376 3922 456 3993; x_wconf 92' lang='lat' dir='ltr'>quod</span> <span class='ocrx_word' id='word_1_209' title='bbox 483 3936 536 3974; x_wconf 92' lang='lat' dir='ltr'>nos</span> <span class='ocrx_word' id='word_1_210' title='bbox 564 3919 601 3971; x_wconf 85' lang='lat' dir='ltr'>ad</span> <span class='ocrx_word' id='word_1_211' title='bbox 629 3921 800 3974; x_wconf 89' lang='lat' dir='ltr'>instanciam</span> <span class='ocrx_word' id='word_1_212' title='bbox 826 3920 934 3974; x_wconf 90' lang='lat' dir='ltr'>domini</span> 
     </span>
     <span class='ocr_line' id='line_1_40' title="bbox 293 4009 935 4066; baseline -0.006 0"><span class='ocrx_word' id='word_1_213' title='bbox 293 4013 386 4066; x_wconf 90' lang='lat' dir='ltr'>nostri</span> <span class='ocrx_word' id='word_1_214' title='bbox 410 4011 454 4064; x_wconf 91' lang='lat' dir='ltr'>W.</span> <span class='ocrx_word' id='word_1_215' title='bbox 483 4039 516 4048; x_wconf 94' lang='lat'>-</span> <span class='ocrx_word' id='word_1_216' title='bbox 542 4038 574 4047; x_wconf 92' lang='lat'>—</span> <span class='ocrx_word' id='word_1_217' title='bbox 602 4037 633 4046; x_wconf 96' lang='lat'>-</span> <span class='ocrx_word' id='word_1_218' title='bbox 660 4009 777 4062; x_wconf 90' lang='lat' dir='ltr'>minime</span> <span class='ocrx_word' id='word_1_219' title='bbox 797 4009 935 4062; x_wconf 86' lang='lat' dir='ltr'>valituris.</span> 
     </span>
     <span class='ocr_line' id='line_1_41' title="bbox 294 4091 408 4170; baseline 0.026 -20"><span class='ocrx_word' id='word_1_220' title='bbox 294 4091 408 4170; x_wconf 59' lang='lat'>(010).</span> 
     </span>
    </p>

    <p class='ocr_par' dir='ltr' id='par_1_14' title="bbox 239 4187 933 4608">
     <span class='ocr_line' id='line_1_42' title="bbox 239 4187 933 4256; baseline -0.01 -10"><span class='ocrx_word' id='word_1_221' title='bbox 239 4191 347 4246; x_wconf 88' lang='lat' dir='ltr'>Notum</span> <span class='ocrx_word' id='word_1_222' title='bbox 373 4204 439 4243; x_wconf 89' lang='lat' dir='ltr'>esse</span> <span class='ocrx_word' id='word_1_223' title='bbox 464 4190 598 4242; x_wconf 91' lang='lat' dir='ltr'>volumus</span> <span class='ocrx_word' id='word_1_224' title='bbox 624 4189 767 4240; x_wconf 89' lang='lat' dir='ltr'>universis</span> <span class='ocrx_word' id='word_1_225' title='bbox 792 4203 859 4256; x_wconf 88' lang='lat' dir='ltr'>pres</span> <span class='ocrx_word' id='word_1_226' title='bbox 894 4187 933 4240; x_wconf 91' lang='lat' dir='ltr'>lit.</span> 
     </span>
     <span class='ocr_line' id='line_1_43' title="bbox 291 4278 932 4348; baseline -0.008 -14"><span class='ocrx_word' id='word_1_227' title='bbox 291 4281 353 4344; x_wconf 84' lang='lat' dir='ltr'>ins,</span> <span class='ocrx_word' id='word_1_228' title='bbox 371 4278 453 4348; x_wconf 89' lang='lat' dir='ltr'>quod</span> <span class='ocrx_word' id='word_1_229' title='bbox 472 4293 526 4331; x_wconf 93' lang='lat' dir='ltr'>nos</span> <span class='ocrx_word' id='word_1_230' title='bbox 544 4279 581 4331; x_wconf 88' lang='lat' dir='ltr'>ad</span> <span class='ocrx_word' id='word_1_231' title='bbox 598 4278 772 4345; x_wconf 87' lang='lat' dir='ltr'>peticionem</span> <span class='ocrx_word' id='word_1_232' title='bbox 797 4305 820 4314; x_wconf 77' lang='lat'>-</span> <span class='ocrx_word' id='word_1_233' title='bbox 846 4305 879 4314; x_wconf 93' lang='lat'>-</span> <span class='ocrx_word' id='word_1_234' title='bbox 898 4305 932 4314; x_wconf 96' lang='lat'>—</span> 
     </span>
     <span class='ocr_line' id='line_1_44' title="bbox 290 4364 933 4422; baseline -0.008 0"><span class='ocrx_word' id='word_1_235' title='bbox 290 4367 470 4422; x_wconf 89' lang='lat' dir='ltr'>evidenciam</span> <span class='ocrx_word' id='word_1_236' title='bbox 499 4365 680 4420; x_wconf 78' lang='lat' dir='ltr'>manifestam</span> <span class='ocrx_word' id='word_1_237' title='bbox 713 4367 776 4419; x_wconf 86' lang='lat' dir='ltr'>dari</span> <span class='ocrx_word' id='word_1_238' title='bbox 811 4364 933 4418; x_wconf 90' lang='lat' dir='ltr'>fecimus</span> 
     </span>
     <span class='ocr_line' id='line_1_45' title="bbox 291 4457 931 4528; baseline -0.006 -17"><span class='ocrx_word' id='word_1_239' title='bbox 291 4457 375 4528; x_wconf 90' lang='lat' dir='ltr'>sigilli</span> <span class='ocrx_word' id='word_1_240' title='bbox 419 4457 510 4509; x_wconf 88' lang='lat' dir='ltr'>nostri</span> <span class='ocrx_word' id='word_1_241' title='bbox 555 4457 712 4509; x_wconf 88' lang='lat' dir='ltr'>munimine</span> <span class='ocrx_word' id='word_1_242' title='bbox 755 4457 931 4509; x_wconf 90' lang='lat' dir='ltr'>roboratum.</span> 
     </span>
     <span class='ocr_line' id='line_1_46' title="bbox 291 4539 422 4608; baseline 0 -10"><span class='ocrx_word' id='word_1_243' title='bbox 291 4539 330 4608; x_wconf 78' lang='lat' dir='ltr'>(C.</span> <span class='ocrx_word' id='word_1_244' title='bbox 351 4545 422 4608; x_wconf 77' lang='grc'>214).</span> 
     </span>
    </p>

    <p class='ocr_par' dir='ltr' id='par_1_15' title="bbox 237 4635 931 4971">
     <span class='ocr_line' id='line_1_47' title="bbox 237 4635 930 4703; baseline -0.009 -9"><span class='ocrx_word' id='word_1_245' title='bbox 237 4638 344 4694; x_wconf 84' lang='lat' dir='ltr'>Notum</span> <span class='ocrx_word' id='word_1_246' title='bbox 363 4651 430 4690; x_wconf 87' lang='lat' dir='ltr'>esse</span> <span class='ocrx_word' id='word_1_247' title='bbox 457 4637 591 4689; x_wconf 90' lang='lat' dir='ltr'>volumus</span> <span class='ocrx_word' id='word_1_248' title='bbox 617 4635 759 4688; x_wconf 91' lang='lat' dir='ltr'>universis</span> <span class='ocrx_word' id='word_1_249' title='bbox 787 4649 863 4703; x_wconf 89' lang='lat' dir='ltr'>pres.</span> <span class='ocrx_word' id='word_1_250' title='bbox 892 4635 930 4688; x_wconf 91' lang='lat' dir='ltr'>lit.</span> 
     </span>
     <span class='ocr_line' id='line_1_48' title="bbox 290 4725 931 4794; baseline -0.005 -16"><span class='ocrx_word' id='word_1_251' title='bbox 290 4729 351 4788; x_wconf 82' lang='lat' dir='ltr'>ins,</span> <span class='ocrx_word' id='word_1_252' title='bbox 365 4726 446 4793; x_wconf 92' lang='lat' dir='ltr'>quod</span> <span class='ocrx_word' id='word_1_253' title='bbox 461 4741 514 4778; x_wconf 91' lang='lat' dir='ltr'>nos</span> <span class='ocrx_word' id='word_1_254' title='bbox 527 4725 565 4778; x_wconf 91' lang='lat' dir='ltr'>ad</span> <span class='ocrx_word' id='word_1_255' title='bbox 579 4725 801 4794; x_wconf 87' lang='lat' dir='ltr'>requisicionem</span> <span class='ocrx_word' id='word_1_256' title='bbox 816 4738 931 4790; x_wconf 92' lang='lat' dir='ltr'>precor·</span> 
     </span>
     <span class='ocr_line' id='line_1_49' title="bbox 289 4813 931 4880; baseline -0.006 -11"><span class='ocrx_word' id='word_1_257' title='bbox 289 4815 373 4870; x_wconf 86' lang='lat' dir='ltr'>dialis</span> <span class='ocrx_word' id='word_1_258' title='bbox 392 4815 501 4868; x_wconf 89' lang='lat' dir='ltr'>domini</span> <span class='ocrx_word' id='word_1_259' title='bbox 521 4843 555 4854; x_wconf 87' lang='lat'>-</span> <span class='ocrx_word' id='word_1_260' title='bbox 575 4843 607 4852; x_wconf 94' lang='lat'>-</span> <span class='ocrx_word' id='word_1_261' title='bbox 630 4841 662 4852; x_wconf 95' lang='lat'>—</span> <span class='ocrx_word' id='word_1_262' title='bbox 682 4813 867 4880; x_wconf 89' lang='lat' dir='ltr'>dispendium</span> <span class='ocrx_word' id='word_1_263' title='bbox 884 4829 931 4880; x_wconf 91' lang='lat' dir='ltr'>pa·</span> 
     </span>
     <span class='ocr_line' id='line_1_50' title="bbox 290 4893 543 4971; baseline -0.016 -12"><span class='ocrx_word' id='word_1_264' title='bbox 290 4906 389 4959; x_wconf 91' lang='lat' dir='ltr'>cietur.</span> <span class='ocrx_word' id='word_1_265' title='bbox 409 4893 449 4970; x_wconf 74' lang='lat' dir='ltr'>l&#39;C.</span> <span class='ocrx_word' id='word_1_266' title='bbox 471 4905 543 4971; x_wconf 83' lang='lat'>100).</span> 
     </span>
    </p>
   </div>
   <div class='ocr_carea' id='block_1_3' title="bbox 992 615 1688 2200">
    <p class='ocr_par' dir='ltr' id='par_1_16' title="bbox 992 615 1688 2200">
     <span class='ocr_line' id='line_1_51' title="bbox 992 615 1687 682; baseline 0 -12"><span class='ocrx_word' id='word_1_267' title='bbox 992 615 1100 670; x_wconf 89' lang='lat' dir='ltr'>Notum</span> <span class='ocrx_word' id='word_1_268' title='bbox 1110 631 1175 670; x_wconf 88' lang='lat' dir='ltr'>esse</span> <span class='ocrx_word' id='word_1_269' title='bbox 1186 618 1319 671; x_wconf 88' lang='lat' dir='ltr'>volumus</span> <span class='ocrx_word' id='word_1_270' title='bbox 1330 617 1473 670; x_wconf 88' lang='lat' dir='ltr'>universis</span> <span class='ocrx_word' id='word_1_271' title='bbox 1484 631 1558 682; x_wconf 91' lang='lat' dir='ltr'>pres.</span> <span class='ocrx_word' id='word_1_272' title='bbox 1577 617 1615 670; x_wconf 78' lang='lat' dir='ltr'>lic</span> <span class='ocrx_word' id='word_1_273' title='bbox 1626 617 1687 678; x_wconf 85' lang='lat' dir='ltr'>ins.¹</span> 
     </span>
     <span class='ocr_line' id='line_1_52' title="bbox 1045 703 1688 774; baseline 0 -16"><span class='ocrx_word' id='word_1_274' title='bbox 1045 707 1126 774; x_wconf 92' lang='lat' dir='ltr'>quod</span> <span class='ocrx_word' id='word_1_275' title='bbox 1146 723 1200 761; x_wconf 88' lang='lat' dir='ltr'>nos</span> <span class='ocrx_word' id='word_1_276' title='bbox 1224 721 1303 760; x_wconf 89' lang='lat' dir='ltr'>anno</span> <span class='ocrx_word' id='word_1_277' title='bbox 1322 706 1433 760; x_wconf 88' lang='lat' dir='ltr'>domini</span> <span class='ocrx_word' id='word_1_278' title='bbox 1452 703 1688 760; x_wconf 87' lang='lat' dir='ltr'>MCCLXXXlX</span> 
     </span>
     <span class='ocr_line' id='line_1_53' title="bbox 1047 782 1687 863; baseline -0.005 -14"><span class='ocrx_word' id='word_1_279' title='bbox 1047 822 1078 832; x_wconf 89' lang='lat'>-·</span> <span class='ocrx_word' id='word_1_280' title='bbox 1094 823 1128 834; x_wconf 93' lang='lat'><em>-</em></span> <span class='ocrx_word' id='word_1_281' title='bbox 1142 824 1174 836; x_wconf 92' lang='lat'><em>-</em></span> <span class='ocrx_word' id='word_1_282' title='bbox 1189 795 1355 863; x_wconf 82' lang='lat' dir='ltr'>adimpleat,</span> <span class='ocrx_word' id='word_1_283' title='bbox 1368 795 1445 848; x_wconf 91' lang='lat' dir='ltr'>sicut</span> <span class='ocrx_word' id='word_1_284' title='bbox 1455 794 1545 847; x_wconf 91' lang='lat' dir='ltr'>debet</span> <span class='ocrx_word' id='word_1_285' title='bbox 1557 782 1601 861; x_wconf 70' lang='lat' dir='ltr'>(C.</span> <span class='ocrx_word' id='word_1_286' title='bbox 1615 793 1687 862; x_wconf 86' lang='lat'>164).</span> 
     </span>
     <span class='ocr_line' id='line_1_54' title="bbox 992 882 1687 949; baseline 0 -13"><span class='ocrx_word' id='word_1_287' title='bbox 992 882 1099 937; x_wconf 89' lang='lat' dir='ltr'>Notum</span> <span class='ocrx_word' id='word_1_288' title='bbox 1124 899 1188 938; x_wconf 90' lang='lat' dir='ltr'>esse</span> <span class='ocrx_word' id='word_1_289' title='bbox 1214 885 1348 938; x_wconf 90' lang='lat' dir='ltr'>volumus</span> <span class='ocrx_word' id='word_1_290' title='bbox 1373 883 1516 937; x_wconf 88' lang='lat' dir='ltr'>universis</span> <span class='ocrx_word' id='word_1_291' title='bbox 1544 899 1611 949; x_wconf 92' lang='lat' dir='ltr'>pres</span> <span class='ocrx_word' id='word_1_292' title='bbox 1649 883 1687 936; x_wconf 90' lang='lat' dir='ltr'>lit.</span> 
     </span>
     <span class='ocr_line' id='line_1_55' title="bbox 1046 972 1688 1043; baseline 0.003 -19"><span class='ocrx_word' id='word_1_293' title='bbox 1046 973 1106 1036; x_wconf 70' lang='lat' dir='ltr'>ins„</span> <span class='ocrx_word' id='word_1_294' title='bbox 1127 973 1207 1043; x_wconf 91' lang='lat' dir='ltr'>quod</span> <span class='ocrx_word' id='word_1_295' title='bbox 1237 989 1291 1027; x_wconf 87' lang='lat' dir='ltr'>nos</span> <span class='ocrx_word' id='word_1_296' title='bbox 1317 972 1520 1026; x_wconf 85' lang='lat' dir='ltr'>condicionem</span> <span class='ocrx_word' id='word_1_297' title='bbox 1544 973 1688 1026; x_wconf 88' lang='lat' dir='ltr'>bonorum</span> 
     </span>
     <span class='ocr_line' id='line_1_56' title="bbox 1046 1049 1684 1130; baseline 0 -15"><span class='ocrx_word' id='word_1_298' title='bbox 1046 1089 1079 1099; x_wconf 89' lang='lat'>-</span> <span class='ocrx_word' id='word_1_299' title='bbox 1101 1091 1130 1099; x_wconf 91' lang='lat'>—</span> <span class='ocrx_word' id='word_1_300' title='bbox 1145 1063 1328 1116; x_wconf 82' lang='lat' dir='ltr'>—duximus</span> <span class='ocrx_word' id='word_1_301' title='bbox 1342 1061 1548 1129; x_wconf 88' lang='lat' dir='ltr'>comparanda.</span> <span class='ocrx_word' id='word_1_302' title='bbox 1560 1049 1599 1127; x_wconf 71' lang='lat' dir='ltr'>(c.</span> <span class='ocrx_word' id='word_1_303' title='bbox 1612 1062 1684 1130; x_wconf 83' lang='grc'><strong>233).</strong></span> 
     </span>
     <span class='ocr_line' id='line_1_57' title="bbox 992 1150 1688 1218; baseline -0.001 -13"><span class='ocrx_word' id='word_1_304' title='bbox 992 1150 1100 1205; x_wconf 88' lang='lat' dir='ltr'>Notum</span> <span class='ocrx_word' id='word_1_305' title='bbox 1126 1166 1192 1204; x_wconf 91' lang='lat' dir='ltr'>esse</span> <span class='ocrx_word' id='word_1_306' title='bbox 1216 1151 1350 1204; x_wconf 88' lang='lat' dir='ltr'>volumus</span> <span class='ocrx_word' id='word_1_307' title='bbox 1371 1152 1514 1204; x_wconf 88' lang='lat' dir='ltr'>universis</span> <span class='ocrx_word' id='word_1_308' title='bbox 1544 1166 1620 1218; x_wconf 91' lang='lat' dir='ltr'>pres.</span> <span class='ocrx_word' id='word_1_309' title='bbox 1648 1152 1688 1205; x_wconf 92' lang='lat' dir='ltr'>lit.</span> 
     </span>
     <span class='ocr_line' id='line_1_58' title="bbox 1045 1239 1688 1309; baseline -0.003 -15"><span class='ocrx_word' id='word_1_310' title='bbox 1045 1241 1107 1304; x_wconf 78' lang='lat' dir='ltr'>ins..</span> <span class='ocrx_word' id='word_1_311' title='bbox 1135 1241 1216 1309; x_wconf 92' lang='lat' dir='ltr'>quod</span> <span class='ocrx_word' id='word_1_312' title='bbox 1245 1255 1299 1293; x_wconf 91' lang='lat' dir='ltr'>nos</span> <span class='ocrx_word' id='word_1_313' title='bbox 1325 1239 1362 1293; x_wconf 92' lang='lat' dir='ltr'>de</span> <span class='ocrx_word' id='word_1_314' title='bbox 1382 1241 1527 1294; x_wconf 88' lang='lat' dir='ltr'>communi</span> <span class='ocrx_word' id='word_1_315' title='bbox 1549 1269 1580 1278; x_wconf 94' lang='lat'><em>-</em></span> <span class='ocrx_word' id='word_1_316' title='bbox 1601 1269 1634 1278; x_wconf 96' lang='lat'>—</span> <span class='ocrx_word' id='word_1_317' title='bbox 1654 1269 1688 1279; x_wconf 89' lang='lat'>-</span> 
     </span>
     <span class='ocr_line' id='line_1_59' title="bbox 1046 1316 1686 1400; baseline 0.002 -18"><span class='ocrx_word' id='word_1_318' title='bbox 1046 1331 1137 1400; x_wconf 85' lang='lat' dir='ltr'>magis</span> <span class='ocrx_word' id='word_1_319' title='bbox 1164 1331 1285 1384; x_wconf 90' lang='lat' dir='ltr'>utilibus</span> <span class='ocrx_word' id='word_1_320' title='bbox 1312 1337 1526 1384; x_wconf 88' lang='lat' dir='ltr'>convertentes.</span> <span class='ocrx_word' id='word_1_321' title='bbox 1552 1316 1592 1398; x_wconf 70' lang='lat' dir='ltr'>(C.</span> <span class='ocrx_word' id='word_1_322' title='bbox 1614 1331 1686 1392; x_wconf 89' lang='grc'><strong>157).</strong></span> 
     </span>
     <span class='ocr_line' id='line_1_60' title="bbox 993 1418 1688 1485; baseline 0.001 -13"><span class='ocrx_word' id='word_1_323' title='bbox 993 1418 1099 1472; x_wconf 89' lang='lat' dir='ltr'>Notum</span> <span class='ocrx_word' id='word_1_324' title='bbox 1127 1434 1194 1472; x_wconf 91' lang='lat' dir='ltr'>esse</span> <span class='ocrx_word' id='word_1_325' title='bbox 1221 1421 1355 1473; x_wconf 91' lang='lat' dir='ltr'>volumus</span> <span class='ocrx_word' id='word_1_326' title='bbox 1384 1419 1527 1472; x_wconf 89' lang='lat' dir='ltr'>universis</span> <span class='ocrx_word' id='word_1_327' title='bbox 1554 1433 1628 1485; x_wconf 92' lang='lat' dir='ltr'>pres.</span> <span class='ocrx_word' id='word_1_328' title='bbox 1650 1420 1688 1473; x_wconf 94' lang='lat' dir='ltr'>lit.</span> 
     </span>
     <span class='ocr_line' id='line_1_61' title="bbox 1046 1507 1633 1576; baseline -0.002 -16"><span class='ocrx_word' id='word_1_329' title='bbox 1046 1509 1107 1572; x_wconf 78' lang='lat' dir='ltr'>ins..</span> <span class='ocrx_word' id='word_1_330' title='bbox 1128 1508 1208 1576; x_wconf 91' lang='lat' dir='ltr'>quod</span> <span class='ocrx_word' id='word_1_331' title='bbox 1230 1525 1283 1562; x_wconf 92' lang='lat' dir='ltr'>nos</span> <span class='ocrx_word' id='word_1_332' title='bbox 1304 1509 1429 1562; x_wconf 89' lang='lat' dir='ltr'>honesto</span> <span class='ocrx_word' id='word_1_333' title='bbox 1448 1509 1511 1560; x_wconf 92' lang='lat' dir='ltr'>viro</span> <span class='ocrx_word' id='word_1_334' title='bbox 1537 1507 1572 1560; x_wconf 89' lang='lat' dir='ltr'>H.</span> <span class='ocrx_word' id='word_1_335' title='bbox 1601 1536 1633 1548; x_wconf 96' lang='lat'><em>-</em></span> 
     </span>
     <span class='ocr_line' id='line_1_62' title="bbox 1046 1589 1580 1668; baseline 0 -19"><span class='ocrx_word' id='word_1_336' title='bbox 1046 1625 1080 1637; x_wconf 88' lang='lat'><em>-</em></span> <span class='ocrx_word' id='word_1_337' title='bbox 1101 1597 1266 1652; x_wconf 90' lang='lat' dir='ltr'>nullatenus</span> <span class='ocrx_word' id='word_1_338' title='bbox 1285 1598 1447 1668; x_wconf 87' lang='lat' dir='ltr'>negligatur</span> <span class='ocrx_word' id='word_1_339' title='bbox 1465 1589 1506 1662; x_wconf 80' lang='lat' dir='ltr'>(C.</span> <span class='ocrx_word' id='word_1_340' title='bbox 1527 1596 1580 1667; x_wconf 84' lang='grc'>13).</span> 
     </span>
     <span class='ocr_line' id='line_1_63' title="bbox 994 1687 1688 1754; baseline 0.001 -14"><span class='ocrx_word' id='word_1_341' title='bbox 994 1687 1100 1740; x_wconf 89' lang='lat' dir='ltr'>Notum</span> <span class='ocrx_word' id='word_1_342' title='bbox 1129 1701 1194 1740; x_wconf 89' lang='lat' dir='ltr'>esse</span> <span class='ocrx_word' id='word_1_343' title='bbox 1222 1687 1357 1740; x_wconf 90' lang='lat' dir='ltr'>volumus</span> <span class='ocrx_word' id='word_1_344' title='bbox 1385 1687 1529 1740; x_wconf 87' lang='lat' dir='ltr'>universis</span> <span class='ocrx_word' id='word_1_345' title='bbox 1554 1702 1628 1754; x_wconf 91' lang='lat' dir='ltr'>pres.</span> <span class='ocrx_word' id='word_1_346' title='bbox 1650 1687 1688 1742; x_wconf 92' lang='lat' dir='ltr'>lit.</span> 
     </span>
     <span class='ocr_line' id='line_1_64' title="bbox 1046 1775 1687 1845; baseline 0 -15"><span class='ocrx_word' id='word_1_347' title='bbox 1046 1777 1108 1840; x_wconf 78' lang='lat' dir='ltr'>ins,</span> <span class='ocrx_word' id='word_1_348' title='bbox 1136 1777 1218 1845; x_wconf 92' lang='lat' dir='ltr'>quod</span> <span class='ocrx_word' id='word_1_349' title='bbox 1244 1791 1298 1830; x_wconf 91' lang='lat' dir='ltr'>nos</span> <span class='ocrx_word' id='word_1_350' title='bbox 1317 1775 1506 1844; x_wconf 90' lang='lat' dir='ltr'>precordialis</span> <span class='ocrx_word' id='word_1_351' title='bbox 1525 1775 1634 1830; x_wconf 91' lang='lat' dir='ltr'>domini</span> <span class='ocrx_word' id='word_1_352' title='bbox 1655 1805 1687 1814; x_wconf 96' lang='lat'><em>-</em></span> 
     </span>
     <span class='ocr_line' id='line_1_65' title="bbox 1048 1855 1688 1934; baseline -0.002 -15"><span class='ocrx_word' id='word_1_353' title='bbox 1048 1894 1081 1904; x_wconf 89' lang='lat'><em>-</em></span> <span class='ocrx_word' id='word_1_354' title='bbox 1104 1895 1133 1904; x_wconf 95' lang='lat'>-</span> <span class='ocrx_word' id='word_1_355' title='bbox 1154 1865 1344 1920; x_wconf 89' lang='lat' dir='ltr'>concedimus</span> <span class='ocrx_word' id='word_1_356' title='bbox 1363 1863 1538 1918; x_wconf 81' lang='lat' dir='ltr'>facultatem.</span> <span class='ocrx_word' id='word_1_357' title='bbox 1560 1855 1601 1928; x_wconf 76' lang='lat' dir='ltr'>(C.</span> <span class='ocrx_word' id='word_1_358' title='bbox 1615 1864 1688 1934; x_wconf 90' lang='lat'>200).</span> 
     </span>
     <span class='ocr_line' id='line_1_66' title="bbox 993 1954 1688 2022; baseline 0 -14"><span class='ocrx_word' id='word_1_359' title='bbox 993 1955 1100 2008; x_wconf 88' lang='lat' dir='ltr'>Notum</span> <span class='ocrx_word' id='word_1_360' title='bbox 1128 1971 1194 2010; x_wconf 89' lang='lat' dir='ltr'>esse</span> <span class='ocrx_word' id='word_1_361' title='bbox 1219 1954 1353 2008; x_wconf 90' lang='lat' dir='ltr'>volumus</span> <span class='ocrx_word' id='word_1_362' title='bbox 1381 1954 1524 2007; x_wconf 88' lang='lat' dir='ltr'>universis</span> <span class='ocrx_word' id='word_1_363' title='bbox 1549 1969 1625 2022; x_wconf 90' lang='lat' dir='ltr'>pres.</span> <span class='ocrx_word' id='word_1_364' title='bbox 1649 1955 1688 2008; x_wconf 87' lang='lat' dir='ltr'>lit.</span> 
     </span>
     <span class='ocr_line' id='line_1_67' title="bbox 1045 2041 1688 2113; baseline 0 -15"><span class='ocrx_word' id='word_1_365' title='bbox 1045 2045 1108 2107; x_wconf 83' lang='lat' dir='ltr'>ins,</span> <span class='ocrx_word' id='word_1_366' title='bbox 1118 2045 1199 2113; x_wconf 92' lang='lat' dir='ltr'>quod</span> <span class='ocrx_word' id='word_1_367' title='bbox 1209 2046 1340 2100; x_wconf 90' lang='lat' dir='ltr'>volentes</span> <span class='ocrx_word' id='word_1_368' title='bbox 1350 2041 1688 2098; x_wconf 89' lang='lat' dir='ltr'>condicionemnostram</span> 
     </span>
     <span class='ocr_line' id='line_1_68' title="bbox 1047 2123 1687 2200; baseline 0.002 -14"><span class='ocrx_word' id='word_1_369' title='bbox 1047 2162 1081 2172; x_wconf 93' lang='lat'><em>-</em></span> <span class='ocrx_word' id='word_1_370' title='bbox 1103 2163 1133 2172; x_wconf 99' lang='lat'>-</span> <span class='ocrx_word' id='word_1_371' title='bbox 1155 2133 1306 2188; x_wconf 90' lang='lat' dir='ltr'>—facere</span> <span class='ocrx_word' id='word_1_372' title='bbox 1327 2133 1532 2200; x_wconf 91' lang='lat' dir='ltr'>promiserunt.</span> <span class='ocrx_word' id='word_1_373' title='bbox 1553 2123 1593 2199; x_wconf 80' lang='lat' dir='ltr'>(C.</span> <span class='ocrx_word' id='word_1_374' title='bbox 1614 2135 1687 2200; x_wconf 87' lang='grc'><strong>231).</strong></span> 
     </span>
    </p>
   </div>
   <div class='ocr_carea' id='block_1_4' title="bbox 993 2240 1689 2578">
    <p class='ocr_par' dir='ltr' id='par_1_17' title="bbox 993 2240 1689 2578">
     <span class='ocr_line' id='line_1_69' title="bbox 993 2240 1688 2296; baseline 0 -2"><span class='ocrx_word' id='word_1_375' title='bbox 993 2241 1101 2294; x_wconf 88' lang='lat' dir='ltr'>Notum</span> <span class='ocrx_word' id='word_1_376' title='bbox 1133 2257 1198 2296; x_wconf 90' lang='lat' dir='ltr'>esse</span> <span class='ocrx_word' id='word_1_377' title='bbox 1224 2241 1358 2295; x_wconf 90' lang='lat' dir='ltr'>volumus</span> <span class='ocrx_word' id='word_1_378' title='bbox 1383 2240 1527 2293; x_wconf 84' lang='lat' dir='ltr'>universis</span> <span class='ocrx_word' id='word_1_379' title='bbox 1556 2247 1688 2294; x_wconf 89' lang='lat' dir='ltr'>tenorem</span> 
     </span>
     <span class='ocr_line' id='line_1_70' title="bbox 1046 2329 1689 2398; baseline 0 -15"><span class='ocrx_word' id='word_1_380' title='bbox 1046 2331 1229 2397; x_wconf 90' lang='lat' dir='ltr'>presencium</span> <span class='ocrx_word' id='word_1_381' title='bbox 1242 2329 1425 2398; x_wconf 91' lang='lat' dir='ltr'>inspecturis,</span> <span class='ocrx_word' id='word_1_382' title='bbox 1438 2330 1519 2396; x_wconf 91' lang='lat' dir='ltr'>quod</span> <span class='ocrx_word' id='word_1_383' title='bbox 1532 2345 1587 2382; x_wconf 91' lang='lat' dir='ltr'>nos</span> <span class='ocrx_word' id='word_1_384' title='bbox 1597 2337 1689 2384; x_wconf 90' lang='lat' dir='ltr'>atten-</span> 
     </span>
     <span class='ocr_line' id='line_1_71' title="bbox 1047 2418 1688 2487; baseline 0 -15"><span class='ocrx_word' id='word_1_385' title='bbox 1047 2421 1204 2474; x_wconf 91' lang='lat' dir='ltr'>dentes-</span> <span class='ocrx_word' id='word_1_386' title='bbox 1226 2449 1259 2459; x_wconf 92' lang='lat'>—</span> <span class='ocrx_word' id='word_1_387' title='bbox 1285 2449 1319 2458; x_wconf 97' lang='lat'><em>-</em></span> <span class='ocrx_word' id='word_1_388' title='bbox 1344 2418 1562 2487; x_wconf 87' lang='lat' dir='ltr'>adimplecionis</span> <span class='ocrx_word' id='word_1_389' title='bbox 1588 2428 1688 2473; x_wconf 88' lang='lat' dir='ltr'>nostre</span> 
     </span>
     <span class='ocr_line' id='line_1_72' title="bbox 1046 2500 1399 2578; baseline -0.003 -16"><span class='ocrx_word' id='word_1_390' title='bbox 1046 2509 1235 2578; x_wconf 87' lang='lat' dir='ltr'>assignantes.</span> <span class='ocrx_word' id='word_1_391' title='bbox 1255 2500 1296 2574; x_wconf 78' lang='lat' dir='ltr'>(C.</span> <span class='ocrx_word' id='word_1_392' title='bbox 1316 2507 1399 2576; x_wconf 62' lang='lat'>232).</span> 
     </span>
    </p>
   </div>
   <div class='ocr_carea' id='block_1_5' title="bbox 993 2616 1689 2860">
    <p class='ocr_par' dir='ltr' id='par_1_18' title="bbox 993 2616 1689 2860">
     <span class='ocr_line' id='line_1_73' title="bbox 993 2616 1689 2684; baseline -0.003 -14"><span class='ocrx_word' id='word_1_393' title='bbox 993 2617 1098 2670; x_wconf 87' lang='lat' dir='ltr'>Notum</span> <span class='ocrx_word' id='word_1_394' title='bbox 1124 2623 1189 2682; x_wconf 88' lang='lat' dir='ltr'>etc.‚</span> <span class='ocrx_word' id='word_1_395' title='bbox 1214 2616 1296 2684; x_wconf 88' lang='lat' dir='ltr'>quod</span> <span class='ocrx_word' id='word_1_396' title='bbox 1321 2631 1375 2669; x_wconf 91' lang='lat' dir='ltr'>nos</span> <span class='ocrx_word' id='word_1_397' title='bbox 1400 2616 1603 2670; x_wconf 90' lang='lat' dir='ltr'>condicionem</span> <span class='ocrx_word' id='word_1_398' title='bbox 1623 2623 1689 2678; x_wconf 72' lang='lat' dir='ltr'>ete..</span> 
     </span>
     <span class='ocr_line' id='line_1_74' title="bbox 1047 2705 1687 2760; baseline -0.002 -1"><span class='ocrx_word' id='word_1_399' title='bbox 1047 2706 1084 2759; x_wconf 92' lang='lat' dir='ltr'>de</span> <span class='ocrx_word' id='word_1_400' title='bbox 1103 2705 1315 2760; x_wconf 87' lang='lat' dir='ltr'>honorabilium</span> <span class='ocrx_word' id='word_1_401' title='bbox 1335 2705 1463 2758; x_wconf 89' lang='lat' dir='ltr'>virorum</span> <span class='ocrx_word' id='word_1_402' title='bbox 1484 2733 1518 2744; x_wconf 91' lang='lat'>-</span> <span class='ocrx_word' id='word_1_403' title='bbox 1532 2734 1566 2744; x_wconf 97' lang='lat'>-</span> <span class='ocrx_word' id='word_1_404' title='bbox 1588 2733 1618 2744; x_wconf 91' lang='lat'>-</span> <span class='ocrx_word' id='word_1_405' title='bbox 1633 2705 1687 2758; x_wconf 92' lang='lat' dir='ltr'>du·</span> 
     </span>
     <span class='ocr_line' id='line_1_75' title="bbox 1046 2785 1541 2860; baseline -0.006 -13"><span class='ocrx_word' id='word_1_406' title='bbox 1046 2795 1143 2848; x_wconf 89' lang='lat' dir='ltr'>ximus</span> <span class='ocrx_word' id='word_1_407' title='bbox 1161 2793 1384 2849; x_wconf 88' lang='lat' dir='ltr'>convertendas.</span> <span class='ocrx_word' id='word_1_408' title='bbox 1406 2785 1448 2858; x_wconf 81' lang='lat' dir='ltr'>(C.</span> <span class='ocrx_word' id='word_1_409' title='bbox 1468 2793 1541 2860; x_wconf 88' lang='grc'><strong>262).</strong></span> 
     </span>
    </p>
   </div>
   <div class='ocr_carea' id='block_1_6' title="bbox 993 2901 1688 3150">
    <p class='ocr_par' dir='ltr' id='par_1_19' title="bbox 993 2901 1688 3150">
     <span class='ocr_line' id='line_1_76' title="bbox 993 2901 1688 2970; baseline 0.001 -16"><span class='ocrx_word' id='word_1_410' title='bbox 993 2901 1101 2956; x_wconf 89' lang='lat' dir='ltr'>Notum</span> <span class='ocrx_word' id='word_1_411' title='bbox 1130 2909 1185 2955; x_wconf 92' lang='lat' dir='ltr'>etc.</span> <span class='ocrx_word' id='word_1_412' title='bbox 1210 2903 1291 2970; x_wconf 90' lang='lat' dir='ltr'>quod</span> <span class='ocrx_word' id='word_1_413' title='bbox 1317 2917 1371 2955; x_wconf 90' lang='lat' dir='ltr'>nos</span> <span class='ocrx_word' id='word_1_414' title='bbox 1396 2901 1598 2955; x_wconf 90' lang='lat' dir='ltr'>condicionem</span> <span class='ocrx_word' id='word_1_415' title='bbox 1623 2908 1688 2966; x_wconf 79' lang='lat' dir='ltr'>etc,</span> 
     </span>
     <span class='ocr_line' id='line_1_77' title="bbox 1047 2991 1687 3058; baseline 0.005 -16"><span class='ocrx_word' id='word_1_416' title='bbox 1047 2991 1075 3044; x_wconf 92' lang='lat' dir='ltr'>in</span> <span class='ocrx_word' id='word_1_417' title='bbox 1101 2992 1166 3046; x_wconf 91' lang='lat' dir='ltr'>loco</span> <span class='ocrx_word' id='word_1_418' title='bbox 1192 2991 1302 3046; x_wconf 91' lang='lat' dir='ltr'>forensi</span> <span class='ocrx_word' id='word_1_419' title='bbox 1322 3019 1355 3029; x_wconf 97' lang='lat'>-</span> <span class='ocrx_word' id='word_1_420' title='bbox 1376 3019 1409 3029; x_wconf 99' lang='lat'>—</span> <span class='ocrx_word' id='word_1_421' title='bbox 1429 3019 1463 3028; x_wconf 96' lang='lat'><em>—</em></span> <span class='ocrx_word' id='word_1_422' title='bbox 1482 3005 1556 3058; x_wconf 90' lang='lat' dir='ltr'>quas</span> <span class='ocrx_word' id='word_1_423' title='bbox 1575 3006 1687 3046; x_wconf 89' lang='lat' dir='ltr'>marcas</span> 
     </span>
     <span class='ocr_line' id='line_1_78' title="bbox 1045 3071 1405 3150; baseline 0 -18"><span class='ocrx_word' id='word_1_424' title='bbox 1045 3096 1099 3149; x_wconf 93' lang='lat' dir='ltr'>pro</span> <span class='ocrx_word' id='word_1_425' title='bbox 1118 3080 1180 3135; x_wconf 88' lang='lat' dir='ltr'>aliis</span> <span class='ocrx_word' id='word_1_426' title='bbox 1199 3087 1253 3134; x_wconf 89' lang='lat' dir='ltr'>etc.</span> <span class='ocrx_word' id='word_1_427' title='bbox 1273 3071 1314 3150; x_wconf 74' lang='lat' dir='ltr'>(C.</span> <span class='ocrx_word' id='word_1_428' title='bbox 1334 3078 1405 3150; x_wconf 84' lang='grc'><strong>259).</strong></span> 
     </span>
    </p>
   </div>
   <div class='ocr_carea' id='block_1_7' title="bbox 992 3187 1687 3256">
    <p class='ocr_par' dir='ltr' id='par_1_20' title="bbox 992 3187 1687 3256">
     <span class='ocr_line' id='line_1_79' title="bbox 992 3187 1687 3256; baseline 0 -15"><span class='ocrx_word' id='word_1_429' title='bbox 992 3187 1099 3242; x_wconf 89' lang='lat' dir='ltr'>Notum</span> <span class='ocrx_word' id='word_1_430' title='bbox 1125 3195 1189 3246; x_wconf 85' lang='lat' dir='ltr'>etc,</span> <span class='ocrx_word' id='word_1_431' title='bbox 1216 3189 1296 3256; x_wconf 88' lang='lat' dir='ltr'>quod</span> <span class='ocrx_word' id='word_1_432' title='bbox 1321 3203 1376 3242; x_wconf 87' lang='lat' dir='ltr'>nos</span> <span class='ocrx_word' id='word_1_433' title='bbox 1401 3187 1603 3240; x_wconf 89' lang='lat' dir='ltr'>condicionem</span> <span class='ocrx_word' id='word_1_434' title='bbox 1623 3195 1687 3252; x_wconf 83' lang='lat' dir='ltr'>etc,</span> 
     </span>
    </p>
   </div>
   <div class='ocr_carea' id='block_1_8' title="bbox 1046 3277 1687 3434">
    <p class='ocr_par' dir='ltr' id='par_1_21' title="bbox 1046 3277 1687 3434">
     <span class='ocr_line' id='line_1_80' title="bbox 1046 3277 1687 3331; baseline 0 -1"><span class='ocrx_word' id='word_1_435' title='bbox 1046 3278 1075 3330; x_wconf 94' lang='lat' dir='ltr'>in</span> <span class='ocrx_word' id='word_1_436' title='bbox 1094 3277 1207 3331; x_wconf 89' lang='lat' dir='ltr'>villa-</span> <span class='ocrx_word' id='word_1_437' title='bbox 1219 3306 1252 3316; x_wconf 91' lang='lat'>-</span> <span class='ocrx_word' id='word_1_438' title='bbox 1270 3307 1303 3316; x_wconf 97' lang='lat'>—</span> <span class='ocrx_word' id='word_1_439' title='bbox 1315 3277 1455 3330; x_wconf 88' lang='lat' dir='ltr'>duximus</span> <span class='ocrx_word' id='word_1_440' title='bbox 1465 3277 1687 3330; x_wconf 89' lang='lat' dir='ltr'>convertendas.</span> 
     </span>
     <span class='ocr_line' id='line_1_81' title="bbox 1047 3361 1180 3434; baseline 0.015 -16"><span class='ocrx_word' id='word_1_441' title='bbox 1047 3361 1086 3434; x_wconf 85' lang='lat' dir='ltr'>(C.</span> <span class='ocrx_word' id='word_1_442' title='bbox 1107 3365 1180 3430; x_wconf 88' lang='grc'><strong>258).</strong></span> 
     </span>
    </p>
   </div>
   <div class='ocr_carea' id='block_1_9' title="bbox 993 3471 1687 3718">
    <p class='ocr_par' dir='ltr' id='par_1_22' title="bbox 993 3471 1687 3718">
     <span class='ocr_line' id='line_1_82' title="bbox 993 3471 1687 3541; baseline 0 -15"><span class='ocrx_word' id='word_1_443' title='bbox 993 3473 1098 3527; x_wconf 88' lang='lat' dir='ltr'>Notum</span> <span class='ocrx_word' id='word_1_444' title='bbox 1127 3481 1192 3532; x_wconf 80' lang='lat' dir='ltr'>etc..</span> <span class='ocrx_word' id='word_1_445' title='bbox 1220 3474 1301 3541; x_wconf 91' lang='lat' dir='ltr'>quod</span> <span class='ocrx_word' id='word_1_446' title='bbox 1330 3488 1383 3526; x_wconf 89' lang='lat' dir='ltr'>nos</span> <span class='ocrx_word' id='word_1_447' title='bbox 1403 3471 1604 3526; x_wconf 91' lang='lat' dir='ltr'>condicionem</span> <span class='ocrx_word' id='word_1_448' title='bbox 1623 3481 1687 3537; x_wconf 76' lang='lat' dir='ltr'>etc..</span> 
     </span>
     <span class='ocr_line' id='line_1_83' title="bbox 1047 3561 1686 3617; baseline -0.003 -1"><span class='ocrx_word' id='word_1_449' title='bbox 1047 3564 1142 3617; x_wconf 91' lang='lat' dir='ltr'>locum</span> <span class='ocrx_word' id='word_1_450' title='bbox 1163 3563 1279 3616; x_wconf 86' lang='lat' dir='ltr'>forense</span> <span class='ocrx_word' id='word_1_451' title='bbox 1300 3589 1331 3601; x_wconf 93' lang='lat'><em>—</em></span> <span class='ocrx_word' id='word_1_452' title='bbox 1353 3590 1387 3600; x_wconf 93' lang='lat'>-</span> <span class='ocrx_word' id='word_1_453' title='bbox 1406 3589 1439 3598; x_wconf 93' lang='lat'>-</span> <span class='ocrx_word' id='word_1_454' title='bbox 1459 3561 1567 3614; x_wconf 91' lang='lat' dir='ltr'>iudicio</span> <span class='ocrx_word' id='word_1_455' title='bbox 1586 3575 1621 3614; x_wconf 88' lang='lat' dir='ltr'>ac</span> <span class='ocrx_word' id='word_1_456' title='bbox 1640 3577 1686 3615; x_wconf 89' lang='lat' dir='ltr'>ca-</span> 
     </span>
     <span class='ocr_line' id='line_1_84' title="bbox 1046 3638 1489 3718; baseline -0.007 -13"><span class='ocrx_word' id='word_1_457' title='bbox 1046 3667 1124 3705; x_wconf 89' lang='lat' dir='ltr'>mere</span> <span class='ocrx_word' id='word_1_458' title='bbox 1145 3667 1335 3706; x_wconf 88' lang='lat' dir='ltr'>reservamus.</span> <span class='ocrx_word' id='word_1_459' title='bbox 1357 3638 1395 3718; x_wconf 78' lang='lat' dir='ltr'>(C.</span> <span class='ocrx_word' id='word_1_460' title='bbox 1415 3652 1489 3717; x_wconf 89' lang='grc'><strong>264).</strong></span> 
     </span>
    </p>
   </div>
   <div class='ocr_carea' id='block_1_10' title="bbox 991 3758 1687 4004">
    <p class='ocr_par' dir='ltr' id='par_1_23' title="bbox 991 3758 1687 4004">
     <span class='ocr_line' id='line_1_85' title="bbox 991 3758 1686 3826; baseline 0 -14"><span class='ocrx_word' id='word_1_461' title='bbox 991 3759 1098 3812; x_wconf 87' lang='lat' dir='ltr'>Notum</span> <span class='ocrx_word' id='word_1_462' title='bbox 1127 3765 1190 3817; x_wconf 85' lang='lat' dir='ltr'>etc..</span> <span class='ocrx_word' id='word_1_463' title='bbox 1216 3759 1297 3826; x_wconf 91' lang='lat' dir='ltr'>quod</span> <span class='ocrx_word' id='word_1_464' title='bbox 1326 3773 1379 3812; x_wconf 93' lang='lat' dir='ltr'>nos</span> <span class='ocrx_word' id='word_1_465' title='bbox 1399 3758 1602 3811; x_wconf 89' lang='lat' dir='ltr'>condicionem</span> <span class='ocrx_word' id='word_1_466' title='bbox 1622 3765 1686 3820; x_wconf 82' lang='lat' dir='ltr'>etc..</span> 
     </span>
     <span class='ocr_line' id='line_1_86' title="bbox 1045 3846 1687 3913; baseline 0.003 -13"><span class='ocrx_word' id='word_1_467' title='bbox 1045 3848 1140 3901; x_wconf 87' lang='lat' dir='ltr'>locum</span> <span class='ocrx_word' id='word_1_468' title='bbox 1161 3848 1276 3902; x_wconf 90' lang='lat' dir='ltr'>forense</span> <span class='ocrx_word' id='word_1_469' title='bbox 1298 3877 1330 3885; x_wconf 91' lang='lat'>—</span> <span class='ocrx_word' id='word_1_470' title='bbox 1353 3877 1383 3885; x_wconf 80' lang='lat'><em>-</em></span> <span class='ocrx_word' id='word_1_471' title='bbox 1405 3875 1436 3884; x_wconf 97' lang='lat'><em>-</em></span> <span class='ocrx_word' id='word_1_472' title='bbox 1453 3846 1482 3901; x_wconf 88' lang='lat' dir='ltr'>Si</span> <span class='ocrx_word' id='word_1_473' title='bbox 1497 3861 1563 3913; x_wconf 85' lang='lat' dir='ltr'>non,</span> <span class='ocrx_word' id='word_1_474' title='bbox 1578 3853 1687 3902; x_wconf 88' lang='lat' dir='ltr'>extunc</span> 
     </span>
     <span class='ocr_line' id='line_1_87' title="bbox 1045 3930 1478 4004; baseline 0 -15"><span class='ocrx_word' id='word_1_475' title='bbox 1045 3946 1108 4002; x_wconf 79' lang='lat' dir='ltr'>etc,</span> <span class='ocrx_word' id='word_1_476' title='bbox 1130 3945 1162 3990; x_wconf 95' lang='lat' dir='ltr'>ut</span> <span class='ocrx_word' id='word_1_477' title='bbox 1179 3937 1323 4004; x_wconf 87' lang='lat' dir='ltr'>superius.</span> <span class='ocrx_word' id='word_1_478' title='bbox 1345 3930 1385 4002; x_wconf 86' lang='lat' dir='ltr'>(C.</span> <span class='ocrx_word' id='word_1_479' title='bbox 1406 3933 1478 4004; x_wconf 86' lang='grc'><strong>268).</strong></span> 
     </span>
    </p>
   </div>
   <div class='ocr_carea' id='block_1_11' title="bbox 990 4041 1687 4292">
    <p class='ocr_par' dir='ltr' id='par_1_24' title="bbox 990 4041 1687 4292">
     <span class='ocr_line' id='line_1_88' title="bbox 990 4041 1686 4113; baseline -0.001 -16"><span class='ocrx_word' id='word_1_480' title='bbox 990 4045 1095 4099; x_wconf 90' lang='lat' dir='ltr'>Notum</span> <span class='ocrx_word' id='word_1_481' title='bbox 1125 4052 1189 4108; x_wconf 76' lang='lat' dir='ltr'>etc.¹</span> <span class='ocrx_word' id='word_1_482' title='bbox 1218 4045 1299 4113; x_wconf 92' lang='lat' dir='ltr'>quod</span> <span class='ocrx_word' id='word_1_483' title='bbox 1327 4057 1381 4094; x_wconf 87' lang='lat' dir='ltr'>nos</span> <span class='ocrx_word' id='word_1_484' title='bbox 1400 4041 1603 4095; x_wconf 89' lang='lat' dir='ltr'>condicionem</span> <span class='ocrx_word' id='word_1_485' title='bbox 1632 4051 1686 4098; x_wconf 87' lang='lat' dir='ltr'>etc.</span> 
     </span>
     <span class='ocr_line' id='line_1_89' title="bbox 1043 4131 1687 4201; baseline -0.002 -15"><span class='ocrx_word' id='word_1_486' title='bbox 1043 4143 1075 4186; x_wconf 94' lang='lat' dir='ltr'>ut</span> <span class='ocrx_word' id='word_1_487' title='bbox 1088 4149 1185 4201; x_wconf 90' lang='lat' dir='ltr'>supra,</span> <span class='ocrx_word' id='word_1_488' title='bbox 1197 4134 1292 4187; x_wconf 91' lang='lat' dir='ltr'>locum</span> <span class='ocrx_word' id='word_1_489' title='bbox 1312 4131 1476 4185; x_wconf 90' lang='lat' dir='ltr'>forense-</span> <span class='ocrx_word' id='word_1_490' title='bbox 1490 4159 1524 4168; x_wconf 97' lang='lat'>—</span> <span class='ocrx_word' id='word_1_491' title='bbox 1546 4162 1568 4169; x_wconf 85' lang='lat'>-</span> <span class='ocrx_word' id='word_1_492' title='bbox 1587 4141 1687 4186; x_wconf 90' lang='lat' dir='ltr'>nostre</span> 
     </span>
     <span class='ocr_line' id='line_1_90' title="bbox 1042 4213 1512 4292; baseline -0.004 -18"><span class='ocrx_word' id='word_1_493' title='bbox 1042 4238 1156 4276; x_wconf 89' lang='lat' dir='ltr'>camere</span> <span class='ocrx_word' id='word_1_494' title='bbox 1175 4221 1359 4292; x_wconf 86' lang='lat' dir='ltr'>assignando.</span> <span class='ocrx_word' id='word_1_495' title='bbox 1379 4213 1418 4290; x_wconf 86' lang='lat' dir='ltr'>(C.</span> <span class='ocrx_word' id='word_1_496' title='bbox 1440 4219 1512 4288; x_wconf 84' lang='grc'><strong>263).</strong></span> 
     </span>
    </p>
   </div>
   <div class='ocr_carea' id='block_1_12' title="bbox 987 4328 1683 4578">
    <p class='ocr_par' dir='ltr' id='par_1_25' title="bbox 987 4328 1683 4578">
     <span class='ocr_line' id='line_1_91' title="bbox 987 4328 1683 4396; baseline -0.003 -12"><span class='ocrx_word' id='word_1_497' title='bbox 987 4331 1093 4384; x_wconf 90' lang='lat' dir='ltr'>Notum</span> <span class='ocrx_word' id='word_1_498' title='bbox 1114 4329 1235 4384; x_wconf 88' lang='lat' dir='ltr'>facimus</span> <span class='ocrx_word' id='word_1_499' title='bbox 1255 4335 1320 4393; x_wconf 78' lang='lat' dir='ltr'>etc..</span> <span class='ocrx_word' id='word_1_500' title='bbox 1340 4328 1419 4396; x_wconf 89' lang='lat' dir='ltr'>quod</span> <span class='ocrx_word' id='word_1_501' title='bbox 1447 4345 1499 4382; x_wconf 89' lang='lat' dir='ltr'>nos</span> <span class='ocrx_word' id='word_1_502' title='bbox 1524 4329 1613 4384; x_wconf 89' lang='lat' dir='ltr'>divini</span> <span class='ocrx_word' id='word_1_503' title='bbox 1633 4346 1683 4383; x_wconf 92' lang='lat' dir='ltr'>no-</span> 
     </span>
     <span class='ocr_line' id='line_1_92' title="bbox 1041 4419 1683 4486; baseline -0.003 -14"><span class='ocrx_word' id='word_1_504' title='bbox 1041 4419 1126 4472; x_wconf 89' lang='lat' dir='ltr'>minis</span> <span class='ocrx_word' id='word_1_505' title='bbox 1149 4419 1259 4472; x_wconf 90' lang='lat' dir='ltr'>cultum</span> <span class='ocrx_word' id='word_1_506' title='bbox 1285 4448 1318 4456; x_wconf 94' lang='lat'>-</span> <span class='ocrx_word' id='word_1_507' title='bbox 1341 4447 1363 4455; x_wconf 85' lang='lat'>-</span> <span class='ocrx_word' id='word_1_508' title='bbox 1393 4447 1426 4456; x_wconf 95' lang='lat'>—</span> <span class='ocrx_word' id='word_1_509' title='bbox 1452 4420 1570 4486; x_wconf 88' lang='lat' dir='ltr'>spiritus</span> <span class='ocrx_word' id='word_1_510' title='bbox 1590 4419 1683 4473; x_wconf 89' lang='lat' dir='ltr'>sancti</span> 
     </span>
     <span class='ocr_line' id='line_1_93' title="bbox 1040 4498 1442 4578; baseline -0.005 -17"><span class='ocrx_word' id='word_1_511' title='bbox 1040 4509 1136 4578; x_wconf 89' lang='lat' dir='ltr'>gracia</span> <span class='ocrx_word' id='word_1_512' title='bbox 1154 4509 1289 4562; x_wconf 88' lang='lat' dir='ltr'>invocata</span> <span class='ocrx_word' id='word_1_513' title='bbox 1310 4498 1350 4572; x_wconf 72' lang='lat' dir='ltr'>(l.</span> <span class='ocrx_word' id='word_1_514' title='bbox 1371 4508 1442 4574; x_wconf 86' lang='lat'>101).</span> 
     </span>
    </p>
   </div>
   <div class='ocr_carea' id='block_1_13' title="bbox 986 4614 1689 4862">
    <p class='ocr_par' dir='ltr' id='par_1_26' title="bbox 986 4614 1689 4862">
     <span class='ocr_line' id='line_1_94' title="bbox 986 4614 1683 4684; baseline -0.006 -14"><span class='ocrx_word' id='word_1_515' title='bbox 986 4615 1093 4670; x_wconf 89' lang='lat' dir='ltr'>Notum</span> <span class='ocrx_word' id='word_1_516' title='bbox 1119 4614 1241 4668; x_wconf 90' lang='lat' dir='ltr'>facimus</span> <span class='ocrx_word' id='word_1_517' title='bbox 1267 4615 1409 4668; x_wconf 84' lang='lat' dir='ltr'>universis</span> <span class='ocrx_word' id='word_1_518' title='bbox 1432 4621 1600 4682; x_wconf 88' lang='lat' dir='ltr'>presentem</span> <span class='ocrx_word' id='word_1_519' title='bbox 1620 4629 1683 4684; x_wconf 86' lang='lat' dir='ltr'>pag.</span> 
     </span>
     <span class='ocr_line' id='line_1_95' title="bbox 1040 4701 1689 4772; baseline -0.003 -15"><span class='ocrx_word' id='word_1_520' title='bbox 1040 4707 1103 4766; x_wconf 75' lang='lat' dir='ltr'>ins..</span> <span class='ocrx_word' id='word_1_521' title='bbox 1133 4705 1224 4772; x_wconf 92' lang='lat' dir='ltr'>quod,</span> <span class='ocrx_word' id='word_1_522' title='bbox 1254 4719 1319 4756; x_wconf 91' lang='lat' dir='ltr'>cum</span> <span class='ocrx_word' id='word_1_523' title='bbox 1355 4703 1541 4757; x_wconf 90' lang='lat' dir='ltr'>reverendus</span> <span class='ocrx_word' id='word_1_524' title='bbox 1572 4704 1600 4755; x_wconf 91' lang='lat' dir='ltr'>in</span> <span class='ocrx_word' id='word_1_525' title='bbox 1630 4701 1689 4756; x_wconf 86' lang='lat' dir='ltr'>Chr</span> 
     </span>
     <span class='ocr_line' id='line_1_96' title="bbox 1039 4792 1685 4862; baseline -0.008 -14"><span class='ocrx_word' id='word_1_526' title='bbox 1039 4803 1123 4862; x_wconf 84' lang='lat' dir='ltr'>pater</span> <span class='ocrx_word' id='word_1_527' title='bbox 1152 4823 1184 4831; x_wconf 96' lang='lat'><em>-</em></span> <span class='ocrx_word' id='word_1_528' title='bbox 1213 4821 1244 4832; x_wconf 92' lang='lat'>-</span> <span class='ocrx_word' id='word_1_529' title='bbox 1274 4821 1306 4830; x_wconf 95' lang='lat'><em>—</em></span> <span class='ocrx_word' id='word_1_530' title='bbox 1328 4793 1476 4845; x_wconf 90' lang='lat' dir='ltr'>tenebitur</span> <span class='ocrx_word' id='word_1_531' title='bbox 1496 4792 1685 4859; x_wconf 88' lang='lat' dir='ltr'>respondere.</span> 
     </span>
    </p>
   </div>
   <div class='ocr_carea' id='block_1_14' title="bbox 1042 4872 1179 4950">
    <p class='ocr_par' dir='ltr' id='par_1_27' title="bbox 1042 4872 1179 4950">
     <span class='ocr_line' id='line_1_97' title="bbox 1042 4872 1179 4950; baseline -0.015 -14"><span class='ocrx_word' id='word_1_532' title='bbox 1042 4872 1082 4950; x_wconf 76' lang='lat' dir='ltr'>(C.</span> <span class='ocrx_word' id='word_1_533' title='bbox 1107 4885 1179 4946; x_wconf 78' lang='lat'>1⁴3).</span> 
     </span>
    </p>
   </div>
   <div class='ocr_carea' id='block_1_15' title="bbox 236 4987 1686 5059">
    <p class='ocr_par' dir='ltr' id='par_1_28' title="bbox 236 4987 1686 5059">
     <span class='ocr_line' id='line_1_98' title="bbox 236 4987 1686 5059; baseline -0.007 -12"><span class='ocrx_word' id='word_1_534' title='bbox 236 4993 341 5048; x_wconf 89' lang='lat' dir='ltr'>Notum</span> <span class='ocrx_word' id='word_1_535' title='bbox 351 4993 562 5047; x_wconf 83' lang='lat' dir='ltr'>essevolumus</span> <span class='ocrx_word' id='word_1_536' title='bbox 572 4993 716 5045; x_wconf 90' lang='lat' dir='ltr'>universis</span> <span class='ocrx_word' id='word_1_537' title='bbox 732 5007 808 5059; x_wconf 88' lang='lat' dir='ltr'>pres.</span> <span class='ocrx_word' id='word_1_538' title='bbox 820 4992 858 5046; x_wconf 92' lang='lat' dir='ltr'>lit.</span> <span class='ocrx_word' id='word_1_539' title='bbox 870 4993 931 5054; x_wconf 80' lang='lat' dir='ltr'>ins..</span> <span class='ocrx_word' id='word_1_540' title='bbox 985 4991 1091 5044; x_wconf 90' lang='lat' dir='ltr'>Notum</span> <span class='ocrx_word' id='word_1_541' title='bbox 1120 4989 1243 5042; x_wconf 90' lang='lat' dir='ltr'>facimus</span> <span class='ocrx_word' id='word_1_542' title='bbox 1273 4988 1417 5041; x_wconf 89' lang='lat' dir='ltr'>universis</span> <span class='ocrx_word' id='word_1_543' title='bbox 1446 5001 1520 5053; x_wconf 92' lang='lat' dir='ltr'>pres.</span> <span class='ocrx_word' id='word_1_544' title='bbox 1557 4988 1595 5040; x_wconf 91' lang='lat' dir='ltr'>lit.</span> <span class='ocrx_word' id='word_1_545' title='bbox 1622 4987 1686 5047; x_wconf 76' lang='lat' dir='ltr'>ins..</span> 
     </span>
    </p>
   </div>
   <div class='ocr_carea' id='block_1_16' title="bbox 288 5079 929 5238">
    <p class='ocr_par' dir='ltr' id='par_1_29' title="bbox 288 5079 929 5238">
     <span class='ocr_line' id='line_1_99' title="bbox 289 5079 929 5153; baseline -0.011 -14"><span class='ocrx_word' id='word_1_546' title='bbox 289 5083 370 5153; x_wconf 92' lang='lat' dir='ltr'>quod</span> <span class='ocrx_word' id='word_1_547' title='bbox 388 5099 442 5137; x_wconf 91' lang='lat' dir='ltr'>nos</span> <span class='ocrx_word' id='word_1_548' title='bbox 461 5098 538 5136; x_wconf 90' lang='lat' dir='ltr'>anno</span> <span class='ocrx_word' id='word_1_549' title='bbox 557 5081 668 5134; x_wconf 91' lang='lat' dir='ltr'>domiui</span> <span class='ocrx_word' id='word_1_550' title='bbox 685 5079 929 5135; x_wconf 88' lang='lat' dir='ltr'>MCCLXXXVll</span> 
     </span>
     <span class='ocr_line' id='line_1_100' title="bbox 288 5169 921 5238; baseline -0.009 -10"><span class='ocrx_word' id='word_1_551' title='bbox 288 5201 322 5212; x_wconf 95' lang='lat'><em>-</em></span> <span class='ocrx_word' id='word_1_552' title='bbox 338 5199 369 5212; x_wconf 87' lang='grc'>-</span> <span class='ocrx_word' id='word_1_553' title='bbox 384 5201 417 5211; x_wconf 98' lang='grc'>-</span> <span class='ocrx_word' id='word_1_554' title='bbox 431 5187 585 5226; x_wconf 90' lang='lat' dir='ltr'>usurarum</span> <span class='ocrx_word' id='word_1_555' title='bbox 599 5171 716 5224; x_wconf 89' lang='lat' dir='ltr'>nomine</span> <span class='ocrx_word' id='word_1_556' title='bbox 729 5169 921 5238; x_wconf 89' lang='lat' dir='ltr'>adiungentes</span> 
     </span>
    </p>
   </div>
   <div class='ocr_carea' id='block_1_17' title="bbox 288 5251 401 5326">
    <p class='ocr_par' dir='ltr' id='par_1_30' title="bbox 288 5251 401 5326">
     <span class='ocr_line' id='line_1_101' title="bbox 288 5251 401 5326; baseline 0.035 -14"><span class='ocrx_word' id='word_1_557' title='bbox 288 5251 327 5326; x_wconf 70' lang='lat' dir='ltr'>(C.</span> <span class='ocrx_word' id='word_1_558' title='bbox 348 5265 401 5325; x_wconf 80' lang='grc'><strong>57).</strong></span> 
     </span>
    </p>
   </div>
   <div class='ocr_carea' id='block_1_18' title="bbox 1038 5076 1685 5325">
    <p class='ocr_par' dir='ltr' id='par_1_31' title="bbox 1038 5076 1685 5325">
     <span class='ocr_line' id='line_1_102' title="bbox 1038 5076 1685 5147; baseline -0.008 -15"><span class='ocrx_word' id='word_1_559' title='bbox 1038 5077 1119 5147; x_wconf 93' lang='lat' dir='ltr'>quod</span> <span class='ocrx_word' id='word_1_560' title='bbox 1154 5093 1208 5131; x_wconf 91' lang='lat' dir='ltr'>nos</span> <span class='ocrx_word' id='word_1_561' title='bbox 1247 5079 1391 5131; x_wconf 88' lang='lat' dir='ltr'>discretos</span> <span class='ocrx_word' id='word_1_562' title='bbox 1423 5077 1502 5130; x_wconf 90' lang='lat' dir='ltr'>viros</span> <span class='ocrx_word' id='word_1_563' title='bbox 1535 5076 1685 5129; x_wconf 91' lang='lat' dir='ltr'>dominum</span> 
     </span>
     <span class='ocr_line' id='line_1_103' title="bbox 1039 5163 1685 5236; baseline -0.003 -16"><span class='ocrx_word' id='word_1_564' title='bbox 1039 5168 1194 5221; x_wconf 82' lang='lat' dir='ltr'>Martinum</span> <span class='ocrx_word' id='word_1_565' title='bbox 1214 5195 1246 5205; x_wconf 96' lang='lat'>-</span> <span class='ocrx_word' id='word_1_566' title='bbox 1267 5195 1299 5204; x_wconf 96' lang='lat'><em>-</em></span> <span class='ocrx_word' id='word_1_567' title='bbox 1322 5195 1353 5205; x_wconf 94' lang='lat'>-</span> <span class='ocrx_word' id='word_1_568' title='bbox 1375 5167 1402 5219; x_wconf 90' lang='lat' dir='ltr'>in</span> <span class='ocrx_word' id='word_1_569' title='bbox 1418 5166 1550 5236; x_wconf 90' lang='lat' dir='ltr'>quolibet</span> <span class='ocrx_word' id='word_1_570' title='bbox 1570 5163 1685 5233; x_wconf 90' lang='lat' dir='ltr'>predic·</span> 
     </span>
     <span class='ocr_line' id='line_1_104' title="bbox 1039 5247 1278 5325; baseline -0.008 -15"><span class='ocrx_word' id='word_1_571' title='bbox 1039 5265 1144 5310; x_wconf 90' lang='lat' dir='ltr'>torum.</span> <span class='ocrx_word' id='word_1_572' title='bbox 1164 5247 1204 5324; x_wconf 79' lang='lat' dir='ltr'>(C.</span> <span class='ocrx_word' id='word_1_573' title='bbox 1225 5255 1278 5325; x_wconf 87' lang='lat'>11).</span> 
     </span>
    </p>
   </div>
   <div class='ocr_carea' id='block_1_19' title="bbox 0 0 1998 5844">
    <p class='ocr_par' dir='ltr' id='par_1_32' title="bbox 0 0 1998 5844">
     <span class='ocr_line' id='line_1_105' title="bbox 0 0 1998 5844; baseline 0 0"><span class='ocrx_word' id='word_1_574' title='bbox 0 0 1998 5844; x_wconf 95' lang='lat' dir='ltr'> </span> 
     </span>
    </p>
   </div>
  </div>
 </body>
</html>
