3988 5844
1034 371 1085 420 190

337 584 551 646 discrecionis
575 583 751 660 discutere,
775 583 864 647 leves
891 604 1004 647 mores
1032 605 1167 660 exuere,
1191 585 1328 647 induere
1352 588 1531 666 graviores,
1569 581 1771 667 provideire)

335 692 452 767 futura,
483 690 639 752 ordinare
669 693 852 771 presencia,
884 695 1042 771 preterita
1071 691 1249 768 recordari,
1279 711 1343 774 ego
1376 691 1575 773 Engberdus
1607 691 1669 754 vidi
1705 712 1778 772 per-

335 799 449 875 spicue
473 819 512 859 ac
538 798 714 880 diligenter
746 799 881 876 adverti,
913 800 1005 879 quod
1037 801 1151 862 civitas
1188 798 1360 882 Pragensis
1395 799 1623 878 multiplicium
1661 799 1786 861 discor-

336 905 464 967 diarum
488 905 683 968 tumultibus
706 915 848 984 estuans,
873 907 961 968 mole
976 907 1203 969 molestiarum
1228 926 1327 987 quam
1352 905 1492 986 plurium
1509 907 1652 988 graviter
1676 910 1786 967 attrita

334 1010 464 1088 fatiscit,
490 1013 564 1088 vidi,
590 1014 670 1093 quin
694 1012 798 1076 eciam
824 1024 857 1074 et
880 1013 1048 1077 intellectu
1076 1013 1167 1076 claro
1193 1014 1336 1094 percepi,
1368 1014 1459 1094 quod
1493 1023 1543 1074 est
1574 1033 1627 1075 res
1658 1016 1786 1092 optima

335 1120 468 1201 publice
497 1121 542 1182 rei
567 1139 656 1198 cura,
680 1131 714 1183 et
738 1123 772 1183 in
795 1140 835 1183 ea
860 1121 938 1183 civis
970 1121 1109 1202 quilibet
1140 1141 1237 1183 suum
1261 1129 1393 1183 tenetur
1425 1121 1572 1183 animum
1604 1121 1787 1184 studiosius

335 1245 503 1302 exercere,
526 1237 646 1289 utnon
669 1227 892 1304 infructuosus
915 1229 983 1290 imo
1000 1232 1118 1308 pocius
1142 1229 1228 1290 utilis
1250 1237 1413 1308 appareat
1436 1228 1568 1290 civitati.
1593 1226 1692 1290 Unde
1709 1248 1783 1289 cum

333 1336 394 1396 sim
418 1336 507 1408 civis,
532 1335 699 1396 habitator
719 1343 753 1396 et
769 1337 894 1396 iuratus
911 1333 1038 1416 prefate
1062 1335 1200 1397 civitatis
1217 1335 1400 1417 Pragensis,
1418 1353 1533 1396 revera
1549 1345 1582 1397 et
1600 1335 1785 1415 compellor

336 1461 379 1503 ex
397 1442 514 1504 debito
531 1451 563 1503 et
580 1443 738 1505 instinctu
762 1443 905 1504 racionis
929 1442 1071 1504 inducor
1095 1443 1235 1504 civitatis
1252 1444 1354 1522 ipsius
1371 1440 1566 1522 profectum,
1592 1463 1633 1504 ne
1650 1445 1784 1504 ociosus

336 1559 393 1610 aut
427 1548 546 1610 sterilis
581 1550 660 1610 civis
694 1568 842 1624 censear,
885 1550 1049 1612 curiosius
1084 1544 1291 1629 procurare,b
1323 1551 1445 1612 mentis
1485 1552 1597 1628 itaque
1633 1550 1784 1612 studiose

334 1657 493 1718 scrutinio
518 1656 905 1738 singula⁰·perlustranti
928 1656 1007 1719 nihil
1033 1657 1160 1718 occurit
1183 1655 1280 1730 aliud,
1312 1657 1404 1738 quod
1430 1657 1517 1718 adeo
1543 1665 1691 1718 nostram
1716 1676 1784 1718 rem

335 1763 501 1844 publicam
527 1761 638 1826 fovere
663 1763 770 1825 valeat
793 1765 962 1843 ipsiusque
987 1765 1108 1826 cedere
1131 1763 1331 1827 utilitatibus
1355 1774 1389 1826 et
1412 1763 1538 1840 honori,
1567 1783 1667 1844 quarn
1692 1765 1784 1842 pacis

335 1870 492 1949 alumpna
517 1871 706 1948 concordia,
739 1889 804 1949 qua
827 1870 1021 1932 mediatrice
1053 1889 1120 1932 non
1145 1871 1252 1932 solum
1284 1880 1462 1933 nectuntur
1494 1881 1527 1932 et
1557 1873 1784 1951 gubernantur

335 1977 397 2038 hec
421 1977 541 2053 infima,
573 1977 651 2057 quin
676 1977 782 2039 eciam
814 1977 948 2039 celestia
980 1987 1144 2057 perpetuo
1175 1977 1464 2040 confederacionis
1495 1977 1621 2059 glutino
1653 1977 1783 2039 firmata

334 2095 515 2147 servantur.
541 2082 653 2163 Quare
677 2087 875 2164 postpositis
900 2085 1028 2162 ceteris,
1052 2103 1117 2164 que
1137 2087 1263 2148 civitati
1287 2083 1428 2147 fortasse
1452 2087 1563 2146 minus
1587 2083 1785 2147 videbantur

335 2192 565 2265 accommoda,
598 2210 728 2253 summo
753 2193 864 2255 studio
897 2212 1093 2274 summaque
1126 2192 1301 2274 diligencia
1334 2209 1439 2253 conor
1470 2201 1504 2253 et
1534 2211 1607 2252 sum
1641 2206 1783 2255 conatus

334 2301 477 2362 eandem
501 2293 644 2361 serenad
664 2298 820 2362 letificare
844 2301 971 2362 leticiae
995 2309 1029 2361 et
1053 2300 1211 2362 concordi
1245 2297 1440 2379 pacificique
1472 2299 1608 2361 lenitate
1633 2298 1782 2374 flammis

335 2409 455 2487 quibus
479 2407 652 2485 inpellitur,
669 2406 891 2485 procellarum
914 2410 1067 2486 spiritum
1084 2405 1306 2488 tranquillare.
1331 2403 1399 2467 Sed
1417 2407 1575 2486 quoniam
1599 2408 1781 2469 concordia

334 2535 412 2578 suas
436 2517 657 2595 operaciones
680 2533 825 2594 suasque
849 2516 934 2575 vires
958 2533 1024 2575 non
1049 2515 1108 2576 nisi
1126 2514 1253 2576 iusticie
1270 2514 1450 2575 ministerio
1468 2513 1655 2593 producere
1672 2525 1783 2593 potest

335 2625 366 2684 in
392 2631 503 2682 actum
528 2629 562 2682 et
585 2621 713 2683 iusticia
738 2641 805 2683 non
830 2621 890 2682 nisi
922 2642 982 2700 per
1014 2631 1176 2700 potentes,
1208 2623 1265 2700 qui
1291 2623 1418 2699 possint
1450 2628 1483 2681 et
1515 2621 1661 2682 audeant
1692 2641 1780 2702 pena

332 2738 598 2809 transgressores
622 2729 812 2808 opprimere
838 2728 961 2805 debita,
992 2729 1079 2790 valet
1109 2729 1140 2790 in
1173 2731 1241 2790 suis
1272 2728 1409 2808 singulis
1441 2730 1591 2806 partibus
1623 2731 1783 2803 exerceri,

334 2835 564 2897 omnimodam
588 2855 656 2896 non
680 2835 837 2897 inducam
861 2837 986 2898 civitati
1010 2835 1236 2910 concordiam,
1260 2854 1336 2896 cum
1354 2835 1530 2898 deficiente
1555 2837 1783 2914 possibilitatis

334 2951 509 3022 peroptate
534 2941 682 3004 valencia
700 2960 866 3020 nequeam
891 2944 1055 3005 iusticiam
1081 2953 1259 3024 partesque
1283 2943 1411 3004 iusticie
1435 2943 1573 3004 actualis
1597 2962 1664 3023 ope
1688 2945 1781 3006 mini·

333 3049 424 3111 sterii
458 3049 656 3111 execucioni
690 3050 836 3111 totaliter
868 3053 1070 3129 mancipare,
1106 3051 1166 3113 sed
1198 3051 1230 3112 in
1263 3061 1391 3112 tantum
1427 3054 1515 3113 circa
1548 3051 1612 3111 hoc
1649 3055 1780 3132 operari

333 3155 481 3230 sufficiat,
505 3157 536 3216 in
553 3164 713 3236 quantum
731 3177 767 3217 se
785 3156 925 3220 facultas
942 3157 1088 3220 ostendit
1111 3157 1249 3236 opificis,
1263 3159 1409 3238 satisque
1434 3166 1606 3236 reputetur
1622 3159 1781 3237 possibile

334 3266 508 3344 peregisse.
533 3261 622 3325 Sane
646 3263 696 3325 vel
721 3267 935 3346 antiquorum
959 3265 1164 3346 negligencia
1189 3265 1240 3326 vel
1262 3264 1452 3346 ignorancia
1478 3265 1595 3344 pocius
1619 3265 1666 3326 vel
1685 3266 1782 3329 huius

333 3373 439 3450 patrie
471 3370 683 3449 plantacione
718 3372 848 3433 novella
877 3359 1029 3454 ¹segniter
1065 3373 1183 3449 priscis
1214 3373 1465 3450 atemporibus
1500 3381 1550 3434 est
1586 3373 1779 3445 obmissum

333 3479 423 3558 quod
449 3477 675 3559 obligaciones
707 3479 774 3540 sive
810 3489 1009 3554 contractus
1041 3481 1162 3560 quibus
1194 3478 1391 3560 plerumque
1422 3480 1545 3540 mutuis
1577 3481 1780 3562 alternisque

333 3583 543 3666 ligaminibus
568 3585 721 3648 homines
757 3587 940 3648 adinvicem
971 3580 1179 3661 vinciuntur!
1205 3586 1395 3649 incivitate
1426 3585 1584 3667 Pragensi
1614 3589 1779 3668 scripture

331 3692 381 3754 vel
414 3693 572 3754 memorie
608 3712 673 3753 non
711 3693 936 3768 mandantur,l
968 3692 1036 3769 sed,
1069 3693 1148 3755 dum
1184 3692 1295 3771 placet
1322 3693 1458 3754 cuilibet
1492 3713 1552 3755 sua
1587 3695 1780 3773 simpliciter

332 3809 476 3860 tractare
507 3799 646 3880 negocia
670 3811 703 3862 et
728 3800 843 3862 laudat
876 3801 1104 3880 unusquisque
1139 3819 1277 3862 causam
1308 3800 1559 3879 superficialiter
1590 3801 1778 3880 expedisse,

331 3905 460 3968 alcioris
485 3906 622 3985 dampni
646 3925 681 3968 se
706 3907 1003 3986 multiplicitatibus
1037 3907 1173 3986 inplicat
1204 3918 1245 3981 et,
1269 3906 1540 3985 solempnitatem
1572 3909 1777 3971 cautelarum

329 4011 467 4096 fugiens,
492 4013 602 4075 reddit
624 4032 660 4074 se
683 4013 918 4076 vehemencius
935 4015 1141 4093 impeditum,
1169 4014 1205 4076 fit
1228 4014 1258 4076 ei
1275 4017 1457 4094 persepius,
1480 4009 1543 4094 ut,h
1566 4017 1709 4078 testibus
1725 4017 1776 4078 vel

330 4119 388 4182 fati
422 4121 653 4182 necessitatem
686 4122 894 4200 pacientibus
929 4122 978 4183 vel
1014 4122 1247 4200 superstitibus
1283 4120 1435 4184 fortassis
1458 4123 1580 4185 ‘adhuc
1616 4134 1650 4185 et
1684 4143 1776 4186 recu·

329 4229 479 4289 santibus
502 4228 728 4290 testimonium
744 4227 926 4307 perhibere,
950 4229 1125 4292 oblivionis
1146 4224 1433 4311 excusacione(m)
1458 4230 1508 4292 vel
1525 4229 1659 4293 alterius
1675 4251 1776 4294 cause

330 4336 506 4397 cuiuslibet
529 4334 769 4415 pretendeudo,
787 4336 818 4397 in
837 4337 1098 4416 probacionibus
1121 4348 1252 4400 actores
1277 4336 1432 4398 deficiant
1456 4345 1556 4417 atque
1582 4338 1638 4414 rei,
1661 4341 1776 4419 sicque

331 4443 530 4504 multociens
553 4443 658 4504 iustus
675 4443 881 4521 opprimitur,
906 4455 939 4504 et
962 4447 1102 4524 iniquus,
1126 4447 1183 4523 qui
1201 4443 1441 4524 opprimendus
1464 4443 1580 4518 fuerat,
1605 4445 1778 4522 relevatur,

330 4543 580 4629 reseraturquei
616 4550 666 4609 via
691 4551 899 4624 nocentibus,
935 4569 969 4610 u:
1007 4551 1153 4613 audeant
1188 4551 1323 4613 uberius
1357 4551 1537 4633 malignari,
1573 4555 1660 4632 quia,
1696 4553 1775 4614 dum

328 4654 460 4718 falsitati
486 4649 598 4718 obicej
626 4659 782 4732 veritatis,
807 4652 993 4719 autenticok
1008 4660 1209 4734 testimonio,
1226 4678 1292 4721 non
1313 4660 1491 4737 obsistitur,
1517 4655 1775 4738 calumpniator¹

330 4761 449 4826 falsum
475 4773 510 4824 ut
534 4783 647 4825 verum
673 4783 821 4826 asserere
845 4783 913 4827 non
938 4775 1080 4842 veretur,
1105 4785 1190 4841 cum,
1222 4767 1278 4828 ubi
1303 4769 1371 4828 veri
1395 4787 1462 4829 non
1494 4778 1648 4847 speratur
1671 4786 1774 4847 posse

436 4957 463 5018 a)
484 4955 625 5022 ,provide'
644 4955 683 5009 In.
704 4957 711 5008 i
731 4955 786 5008 Mn.
808 4983 839 4993 —
859 4954 890 5024 b)
908 4956 1081 5024 ,procuravi‘
1101 4956 1140 5008 ln.
1161 4957 1170 5008 i
1190 4956 1245 5010 Mn.
1265 4986 1297 4994 —
1327 4957 1354 5024 c)
1374 4958 1411 5020 ‚in
1430 4959 1548 5026 singula‘
1569 4957 1618 5022 lu,
1644 4957 1774 5027 ,singula¹

328 5045 384 5097 Mn.
409 5073 437 5082 -
458 5045 487 5108 d)
506 5049 628 5108 ,serene‘
647 5043 686 5096 ln.
707 5072 740 5081 -
762 5045 788 5112 e)
810 5044 922 5106 ,leticie‘
941 5045 980 5099 ln.
1000 5047 1008 5096 i
1028 5044 1083 5098 Mn.
1104 5075 1136 5082 —
1157 5044 1440 5114 f),vincuntur‘1n..
1461 5048 1643 5112 ,vinciuntur‘
1663 5047 1719 5101 Mn.
1740 5076 1773 5086 -

328 5133 356 5203 g)
377 5134 546 5195 ,mandatur‘
565 5132 604 5185 ln.
625 5134 633 5186 i
654 5133 709 5185 Mn.
731 5159 763 5170 -
783 5133 812 5201 h)
832 5136 895 5199 ,vel‘
915 5135 972 5188 oba
992 5135 1034 5188 rk.
1060 5163 1093 5173 -
1113 5135 1132 5201 i)
1152 5141 1374 5203 ,resereturque'
1393 5135 1433 5189 In.
1453 5138 1461 5190 i
1481 5137 1537 5192 Mn.
1553 5166 1584 5176 —
1603 5139 1624 5208 j)
1639 5138 1774 5202 ,obicere‘

328 5223 376 5284 ln„
390 5225 492 5289 ,obice‘
503 5223 558 5274 Mn.
579 5251 611 5262 -
633 5220 662 5290 k)
682 5224 844 5284 ,autentice‘
865 5223 921 5276 oba
941 5225 982 5278 rk.
1003 5253 1034 5262 -
1056 5223 1074 5294 l)
1094 5225 1372 5293 ,calumpniatorum‘
1391 5226 1431 5281 In.
1450 5225 1459 5278 i
1478 5226 1533 5279 Mn.
