4008 5846
1055 436 1089 485 22

354 669 454 731 quem
478 649 539 713 sibi
565 651 677 713 statim
693 653 772 712 visis
788 652 999 729 presentibus
1014 652 1167 713 volumus
1182 651 1351 732 assignari,
1372 649 1560 711 exhibitore
1585 649 1794 730 presencium

352 767 409 820 tua
432 757 630 819 liberalitate
654 756 888 818 demonstres·

460 930 520 984 Fol.
536 939 550 981 4
565 931 589 986 ἐ.
604 935 644 984 23.
666 929 763 984 Tento
777 931 823 984 list
842 947 861 982 v
874 931 1011 998 rukopise
1029 933 1058 1000 je
1071 931 1203 1001 piipojen
1218 933 1255 984 ku
1270 931 1356 984 konci
1376 930 1427 984 dis,
1448 935 1500 997 22„
1520 930 1554 984 ad
1565 931 1623 1000 jest
1636 937 1667 983 to
1680 929 1795 983 zlomek

352 1019 571 1074 samostatneho
599 1020 711 1088 dopisu.
749 1019 818 1073 Sloh
845 1019 982 1087 upomina
1009 1020 1147 1088 ponelrud
1172 1037 1209 1074 na
1227 1021 1374 1089 Jindiicha
1394 1037 1407 1073 a
1429 1020 1543 1074 lsernie.
1564 1019 1645 1074 Srov.
1665 1036 1679 1073 s
1698 1019 1720 1072 d.
1742 1022 1794 1072 162

353 1125 370 1161 a
390 1113 449 1163 16³.
469 1108 547 1162 Snad
566 1108 622 1176 jest
641 1117 672 1162 to
691 1111 739 1176 jen
759 1108 880 1162 slohove
899 1107 1019 1164 evitent.

1045 1397 1098 1460 24.

597 1557 721 1640 Biskup
750 1559 780 1622 T
777 1557 867 1621 obitis
887 1559 1079 1639 ustanomcje
1102 1556 1369 1639 neymenovane'ho
1385 1558 1549 1640 sarcir'ern.

1403 1749 1688 1836 (1279-12902).

455 1944 634 2028 Th(obias)
658 1949 712 2011 dei
737 1953 848 2032 gracia
873 1950 1047 2033 Pragensis
1079 1953 1261 2029 episcopus
1293 1949 1449 2011 omnibus
1473 1958 1645 2029 presentes
1669 1949 1797 2010 litteras

352 2057 549 2136 inspecturis
572 2055 713 2118 salutern
738 2060 771 2119 in
795 2056 941 2119 domino
967 2054 1051 2119 Cum
1069 2077 1088 2119 a
1104 2056 1201 2119 nobis
1224 2059 1360 2148 petiturz
1380 2056 1472 2137 quod
1498 2057 1619 2117 iustum
1643 2063 1701 2130 est,
1725 2063 1794 2117 tarn

352 2167 445 2245 vigor
476 2163 553 2225 iuris
586 2182 686 2242 quarn
718 2164 803 2226 ordo
836 2165 983 2244 postulat
1008 2164 1158 2240 racionis,
1189 2173 1226 2226 ut
1257 2164 1290 2227 id
1323 2164 1367 2225 ad
1391 2163 1623 2226 exaudicionis
1647 2165 1793 2245 graciam

352 2269 576 2333 favorabiliter
599 2271 823 2332 admittamus.
856 2269 1045 2351 Eapropter
1077 2271 1279 2333 universitati
1313 2279 1420 2333 vestre
1444 2279 1561 2332 tenore
1586 2270 1794 2349 presencium

352 2378 504 2440 volumus
529 2396 602 2440 esse
627 2386 752 2454 notum,
783 2378 874 2459 quod
900 2398 962 2441 nos
994 2379 1037 2440 ad
1061 2379 1263 2458 peticionem
1295 2387 1328 2442 et
1352 2379 1641 2459 presentacionem
1673 2375 1795 2438 nobilis

352 2485 410 2547 viri
435 2483 477 2547 H.
502 2483 593 2548 de..
620 2484 861 2563 presbyterum,
895 2485 1118 2547 exhibitorem
1151 2485 1369 2564 presencium,
1401 2493 1568 2547 rectorem
1594 2484 1796 2546 instituimus

351 2591 533 2674 legitimum
558 2599 592 2653 et
616 2585 821 2670 plebanum,b
852 2595 960 2671 ipsam
985 2593 1047 2654 sibi
1072 2611 1148 2653 cum
1172 2591 1327 2653 omnibus
1352 2592 1563 2669 pertinenciis
1595 2593 1795 2653 auctoritate

352 2717 419 2779 qua
455 2697 621 2781 fungimur
664 2699 900 2761 confirmantes
932 2709 965 2761 et
989 2699 1173 2761 animarum
1204 2699 1234 2760 ei
1266 2717 1381 2761 curam
1417 2707 1451 2759 et
1474 2700 1622 2780 regimen
1658 2697 1794 2771 ibidem,

352 2814 453 2883 prout
476 2806 519 2866 ad
537 2815 686 2868 nostrum
703 2815 834 2884 spectat
851 2804 1004 2883 officium,
1022 2806 1279 2868 committentes.
1305 2805 1357 2868 lnc
1380 2809 1474 2868 cuius
1499 2807 1547 2868 rei
1570 2806 1795 2868 testimonium

353 2931 490 2992 presens
513 2914 672 2992 scriptum
705 2913 772 2974 fieri
797 2921 831 2975 et
854 2914 950 2996 sigilli
975 2915 1078 2976 nostri
1102 2914 1281 2976 munimine
1304 2911 1444 2977 fecimus
1469 2916 1630 2977 roborari.
1670 2912 1795 2974 Datum

353 3039 441 3081 anno
466 3022 593 3082 domini
618 3030 679 3082 etc.

459 3193 519 3246 Fol.
540 3202 554 3262 ⁴,
575 3193 598 3246 d.
617 3199 661 3260 24,
689 3193 735 3247 tei
755 3211 772 3246 v
792 3195 833 3248 rlr.
854 3196 985 3266 kapituly
1011 3197 1134 3250 Praiske
1160 3195 1238 3250 Κ33
1266 3195 1385 3250 fol.12⁴
1412 3195 1521 3260 (Emler
1540 3195 1596 3248 RB.
1616 3193 1641 3246 ll
1660 3193 1684 3246 d.
1704 3192 1793 3260 2546).

351 3281 652 3353 Ochronologickem
670 3285 799 3337 omezeni
818 3285 919 3338 rokem
939 3290 1009 3340 1290
1028 3302 1103 3339 srov.
1124 3285 1203 3339 uvod
1223 3285 1289 3338 11³.

1048 3575 1099 3638 25.

352 3737 478 3819 Jaty'si
497 3739 604 3822 sarcir*
625 3737 815 3804 Alexander
839 3739 913 3821 pile
935 3736 1104 3818 biskupovi
1129 3757 1147 3799 0
1169 3735 1340 3799 adker'nlm
1358 3735 1538 3817 prepadem
1558 3734 1672 3812 petele
1697 3731 1792 3794 sve'lw

343 3867 394 3909 na
411 3847 534 3910 vesnici
544 3847 627 3928 pfed
639 3847 780 3922 krdmou,
804 3869 821 3910 0
845 3847 935 3909 sve'm
951 3845 1149 3909 ceastenstvt
1172 3863 1216 3904 na
1231 3843 1297 3926 bofl'
1318 3863 1340 3904 a
1364 3841 1498 3904 orabiti
1510 3838 1656 3923 jednolzo
1679 3860 1698 3900 a
1717 3849 1793 3918 pro·

505 3953 639 4017 tivm'ktl.
666 3938 762 4017 ded
785 3975 802 4016 0
823 3954 969 4036 podpom
993 3973 1037 4015 na
1061 3961 1155 4029 cestu,
1169 3951 1231 4032 jsa
1251 3949 1391 4032 povoldn
1424 3947 1644 4028 kbiskupovi.

1404 4141 1688 4226 (ΖΜ-12944).

573 4296 702 4360 Littera
726 4296 868 4372 exponit
892 4311 1007 4355 casum
1032 4291 1200 4372 quendam
1224 4290 1358 4352 malum.

454 4453 578 4523 Sancte
602 4465 696 4537 pater
720 4454 857 4517 domine
880 4456 1052 4533 episcope.
1079 4451 1151 4534 Ego
1168 4449 1364 4513 Alexander
1389 4458 1499 4511 rector
1523 4448 1663 4510 ecclesie
1687 4447 1752 4509 dc.
1772 4441 1795 4506 fl

351 4571 467 4636 intimo
490 4575 599 4628 vestre
623 4561 790 4626 sanctitati
808 4577 922 4622 casum
945 4559 1124 4640 quendam,
1149 4558 1192 4620 de
1208 4577 1275 4638 quo
1292 4577 1351 4618 cor
1374 4575 1486 4618 meum
1510 4556 1671 4617 turbatur.
1698 4555 1795 4617 Acci·

354 4681 409 4753 dit,
432 4677 513 4738 dum
538 4669 687 4753 perfecto
711 4668 852 4752 negocio
877 4667 931 4728 die
954 4665 1080 4728 forensi
1104 4666 1242 4727 domum
1266 4663 1417 4737 redirem,
1442 4661 1549 4744 quode
1572 4665 1699 4723 amicus
1724 4663 1794 4742 qui·

354 4788 432 4850 dam
457 4777 608 4856 devilia,
633 4778 690 4840 ubi
715 4774 856 4838 ecclesia
881 4791 954 4834 mea
980 4774 1042 4834 sita
1067 4781 1126 4849 est,
1151 4775 1184 4834 in
1207 4772 1327 4833 eadem
1352 4772 1426 4834 villa
1451 4773 1568 4833 exiens
1592 4770 1635 4832 de
1658 4768 1797 4830 taberna

355 4895 398 4957 ad
424 4887 609 4972 potandum
633 4903 685 4946 me
718 4875 849 4944 secumf
871 4881 1040 4943 invitabat.
1080 4876 1165 4942 Cum
1196 4897 1364 4959 quocum
1395 4889 1472 4940 ante
1497 4877 1587 4941 foras
1618 4876 1796 4940 voluissem

356 5039 568 5054 ...-.-——-

463 5101 491 5166 a)
511 5098 731 5162 ,demonstrens‘
751 5093 790 5146 ln.
812 5121 844 5130 -
864 5090 893 5160 b)
907 5091 965 5145 Zde
978 5091 1148 5160 vynechano
1161 5092 1203 5144 asi
1222 5091 1259 5151 ,in
1272 5089 1395 5143 ecclesia
1414 5088 1452 5142 de
1465 5128 1470 5141 .
1484 5091 1507 5141 .¹.
1522 5117 1553 5126 -
1565 5088 1592 5157 c)
1612 5087 1651 5150 ‚ln
1670 5089 1752 5140 cuius
1767 5117 1795 5124 —

357 5197 421 5248 etc.⁴
440 5187 537 5242 schazi
556 5203 574 5238 v
594 5186 666 5251 Kap.
680 5183 714 5235 K.
743 5212 777 5222 -
806 5181 836 5247 dl
857 5181 1010 5248 Doplndno
1036 5181 1082 5234 dle
1102 5179 1223 5249 Kapli.
1253 5209 1284 5218 ι
1313 5181 1340 5247 e)
1361 5177 1513 5246 Doplneno
1538 5179 1586 5230 dle
1612 5177 1684 5243 Kap.
1699 5177 1732 5228 K.
1765 5207 1797 5215 -

356 5283 379 5353 f)
399 5279 527 5345 ‚socium‘
545 5275 594 5338 ln.,
618 5277 733 5336 ,secum‘
752 5270 824 5339 Kap.
838 5270 872 5324 Κ.
