3968 5848
1045 443 1097 491 100

1036 656 1108 718 123.

350 797 472 876 Biskup
508 797 622 860 Tobiae
652 796 802 879 narinus?
822 797 942 880 fordr'i
972 818 993 858 v
1024 798 1137 880 Mostl,
1168 799 1230 878 uby
1260 797 1365 859 str'lral
1392 799 1538 861 cirkevm'
1567 819 1722 861 censurou
1753 807 1796 878 ty,

583 902 667 966 letari
688 903 837 966 zadrdeli
857 904 981 984 odkazy
1003 905 1171 968 vlnovane'
1190 905 1374 967 minon'trlm
1401 925 1422 966 v
1445 906 1556 968 Mostl.

1402 1065 1687 1146 (ΜΝ-12909).

500 1208 687 1288 Episcopus
711 1208 851 1270 mandat
875 1207 1030 1287 plebano,
1055 1218 1090 1270 ut
1115 1209 1338 1288 parochianos
1362 1209 1579 1290 compelleret
1604 1209 1646 1270 ad

561 1315 768 1377 exsolvenda
792 1315 947 1376 fratribus
972 1316 1155 1377 minoribus
1180 1317 1211 1377 in
1235 1324 1438 1378 testamento
1463 1317 1578 1398 legata.

469 1453 664 1539 Th(obias)²
689 1467 749 1520 etc.
774 1457 897 1519 dilecto
923 1458 953 1518 in
979 1455 1113 1520 Christo
1137 1458 1204 1520 filio
1231 1507 1237 1518 .
1263 1508 1268 1520 .
1294 1458 1440 1538 plebano
1465 1459 1496 1519 in
1521 1457 1627 1520 Ponte
1651 1457 1793 1519 salutem

350 1573 411 1627 etc.
437 1561 520 1627 Cum
544 1558 839 1626 testamentorumb
863 1566 1043 1626 exsecucio
1068 1565 1294 1644 quorumlibet
1318 1565 1476 1645 precipue
1502 1568 1534 1627 in
1559 1563 1629 1641 hiis,
1661 1583 1727 1644 que
1752 1565 1794 1624 ad

348 1787 476 1858 spectet
501 1776 655 1848 officium,
680 1787 817 1857 propter
833 1777 948 1840 salutis
965 1789 998 1840 et
1013 1779 1198 1841 animarum
1215 1776 1402 1856 profectum
1419 1778 1648 1842 ecclesiastica
1664 1779 1792 1841 iusticia

350 1889 505 1968 exigente
540 1886 737 1947 discrecioni
774 1897 831 1947 tue
867 1886 1066 1948 mandamus
1101 1888 1133 1947 in
1165 1888 1285 1948 virtute
1318 1887 1513 1949 obediencie
1545 1895 1578 1948 et
1611 1887 1673 1947 sub
1705 1904 1792 1965 pena

348 1993 678 2054 excomunicacionis
709 1993 845 2055 firmiter
877 2003 910 2055 et
941 2013 1110 2072 expresse,
1136 2004 1299 2075 quatenus
1324 2013 1441 2056 omnes
1466 1991 1539 2056 illos
1571 2005 1604 2056 et
1635 1991 1794 2074 singulos,

349 2102 404 2180 qui
429 2099 536 2180 legata
562 2101 648 2161 etin
675 2119 878 2180 quocunque
901 2109 1103 2163 testamento
1129 2101 1244 2162 relicta
1269 2103 1402 2179 pietatis
1425 2101 1544 2163 intuitu
1577 2101 1728 2162 honestis
1761 2109 1794 2160 et

351 2206 510 2288 religiosis
541 2207 617 2269 viris
648 2207 809 2288 gardiano
843 2217 876 2270 et
909 2207 1064 2270 iratribus
1089 2208 1271 2269 minoribus
1295 2207 1337 2269 de
1362 2207 1467 2269 Ponte
1490 2217 1617 2270 temere
1642 2207 1793 2269 detinere

349 2323 552 2394 presumunt,
576 2323 612 2375 ut
637 2333 676 2374 ea
700 2315 861 2395 gardiano
886 2325 919 2377 et
943 2313 1099 2376 tratribus
1123 2316 1202 2393 ipsis
1226 2316 1297 2376 sine
1321 2314 1487 2377 dilacione
1512 2325 1546 2377 et
1562 2313 1792 2377 diminucione

349 2422 495 2501 qualibet
518 2421 685 2502 assignare
710 2441 777 2484 non
803 2421 964 2499 differant,
996 2442 1053 2501 per
1085 2441 1260 2484 censuram
1294 2421 1556 2484 ecelesiasticam
1589 2421 1794 2499 compellere

350 2548 416 2590 non
448 2529 616 2605 obmittam,
649 2531 733 2589 sicut
764 2533 873 2606 cupisc
917 2549 1037 2608 penam
1069 2529 1398 2592 excomunicacionis
1422 2529 1632 2608 prehabitam
1659 2529 1791 2590 evitare.

349 2634 473 2698 Datum
499 2645 559 2698 etc.

456 2791 514 2844 Foi.
536 2795 568 2844 18
589 2793 612 2846 ἐ.
634 2797 692 2854 123,
713 2794 757 2844 tei
777 2807 795 2844 v
815 2793 954 2858 rukopise
974 2793 1103 2862 kapituly
1125 2792 1247 2845 Pralslre
1267 2793 1280 2861 J
1301 2791 1347 2844 40l’
1361 2793 1406 2847 sol.
1421 2797 1481 2846 262.
1495 2791 1521 2846 O
1536 2791 1791 2862 chronologickem

347 2881 478 2934 omezeni
497 2883 597 2934 rokem
617 2886 687 2934 1290
706 2897 783 2934 srov.
802 2882 880 2934 uvod
900 2881 923 2933 ll
944 2886 968 2934 3.

1035 3189 1105 3250 124.

345 3329 467 3408 Birkup
504 3327 620 3392 Tobios
649 3328 796 3410 nar'izuje
821 3327 1057 3408 purlemz'strovz'
1086 3350 1108 3390 a
1132 3334 1218 3390 vs'em
1250 3331 1430 3391 mlifamlm
1462 3348 1482 3389 v
1505 3327 1617 3398 Moste',
1642 3329 1703 3408 aby
1726 3329 1791 3406 pod

345 3447 470 3498 trestem
494 3434 669 3497 interdiktu
686 3437 726 3497 do
742 3435 766 3495 8
781 3435 848 3496 dmi
865 3434 1010 3498 advolalr'
1031 3437 1228 3517 ustcznovenz',
1243 3437 1332 3517 jr'ma'
1354 3435 1509 3498 rakricali
1531 3437 1663 3498 vlr'r‘czm
1687 3437 1793 3496 da'vat

863 3545 950 3623 oslry
973 3565 1017 3604 na
1039 3542 1173 3624 pola'tku
1197 3545 1270 3604 mle.

1397 3629 1680 3714 (1279-1290r).

490 3793 678 3872 Episcopus
703 3795 840 3856 mandat
865 3793 1121 3872 parochialibus
1146 3803 1181 3854 ut
1205 3793 1399 3855 oblaciones
1424 3796 1456 3854 in
1481 3793 1654 3854 missarum

590 3902 753 3980 principio
777 3900 932 3972 lacerent,
958 3911 993 3962 ut
1017 3910 1114 3962 antea
1137 3897 1245 3961 luerat
1269 3901 1316 3961 eis
1341 3909 1548 3961 consuetum.

452 4037 646 4122 Tho(bias)‘¹
671 4052 733 4104 etc.
767 4043 895 4105 dilectis
921 4047 953 4105 in
977 4040 1111 4106 Christo
1136 4042 1210 4106 filiis
1235 4049 1284 4104 ..⁸
1309 4044 1410 4106 iudici
1427 4051 1461 4103 et
1476 4045 1637 4104 universis
1662 4041 1790 4103 civibus

343 4153 375 4212 in
400 4151 504 4212 Ponte
528 4149 669 4211 salutem
693 4159 754 4211 etc.
781 4149 952 4212 Honestus
976 4163 1010 4214 et
1026 4151 1198 4232 religiosus
1221 4153 1269 4211 vir
1284 4144 1401 4211 fraters
1422 4195 1469 4226 ..,
1493 4149 1656 4227 plebanus
1680 4159 1789 4210 vester

344 4260 386 4320 de
419 4258 533 4334 Ponte,
563 4277 624 4319 sua
657 4257 770 4320 humili
803 4258 900 4319 nobis
932 4259 1157 4320 insinuacione
1190 4261 1394 4332 monstravit,
1427 4266 1461 4319 et
1485 4256 1549 4318 hoc
1581 4257 1662 4318 alias
1687 4265 1719 4317 et
1744 4275 1789 4316 ex

344 4367 510 4428 relacione
546 4364 691 4426 veridica
723 4365 822 4427 nobis
857 4375 997 4443 constat,
1033 4363 1125 4445 quod
1162 4384 1222 4426 vos
1258 4366 1366 4427 minus
1401 4383 1481 4426 sano
1517 4364 1609 4425 ducti
1646 4363 1786 4425 consilio

344 4474 539 4535 oblaciones
572 4476 604 4534 in
629 4476 806 4534 missarum
837 4475 1008 4552 principiis
1039 4472 1110 4534 fieri
1137 4473 1322 4550 prohibetis
1347 4489 1405 4548 per
1428 4471 1599 4552 quoddam
1624 4479 1787 4533 statutum

344 4589 497 4654 vestrum,
527 4583 555 4641 si
578 4589 739 4642 statutum
770 4581 837 4643 dici
860 4581 992 4655 debeat,
1024 4579 1114 4660 quod
1146 4582 1232 4640 inter
1263 4597 1322 4640 vos
1354 4589 1478 4639 temere
1510 4577 1635 4640 editum
1668 4587 1719 4640 est
1742 4576 1785 4638 de

342 4706 438 4760 novo,
472 4690 504 4747 in
529 4706 596 4767 quo
614 4689 881 4765 condempnacio
905 4698 996 4750 certe
1014 4707 1100 4766 pene
1124 4689 1272 4766 sequitur
1303 4685 1385 4760 illos,
1417 4687 1474 4766 qui
1498 4686 1569 4747 eius
1601 4689 1786 4748 existerent

342 4797 374 4854 in
399 4793 510 4873 aliquo
534 4801 805 4874 transgressores.
842 4793 925 4859 Cum
951 4797 1049 4877 igitur
1073 4803 1233 4856 statutum
1266 4793 1330 4854 hoc
1362 4801 1396 4853 et
1418 4793 1576 4855 iamdicta
1600 4793 1786 4872 prohibicio

340 4915 450 4962 vestra
474 4901 692 4962 devocionem
710 4920 775 4963 uon
792 4903 877 4963 sinat
894 4903 1006 4986 augeri
1030 4900 1176 4963 fidelium
1198 4913 1231 4962 et
1247 4899 1452 4978 proiectumg
1476 4885 1592 4961 salutis
1616 4899 1786 4961 evidenter

448 5093 475 5158 a)
496 5093 547 5161 ,10¹
558 5091 628 5160 Kap.
638 5091 660 5160 J.
672 5121 704 5130 -
716 5091 746 5163 b)
756 5099 937 5156 ‚testamenta
950 5095 1079 5162 quelibet
1092 5094 1230 5161 precipue
1243 5093 1306 5146 hec¹
1321 5092 1391 5159 Kap.
1405 5091 1428 5157 J.
1442 5121 1474 5130 -
1489 5091 1517 5160 c)
1531 5092 1563 5154 ‚si
1576 5094 1657 5160 cupis
1680 5091 1751 5158 Kap.
1761 5089 1785 5158 J.

341 5211 373 5220 -
395 5182 425 5246 d)
445 5181 494 5250 ‚Jo‘
522 5181 592 5250 Kap.
610 5183 632 5250 J.
657 5211 690 5220 -
712 5184 739 5248 e)
759 5181 800 5242 ‚C¹
826 5183 897 5250 Kap.
918 5183 940 5251 J.
966 5213 997 5221 —
1019 5182 1040 5248 l)
1060 5182 1100 5246 ,N.
1129 5183 1277 5250 plebanus‘
1304 5183 1377 5248 Kap.
1394 5181 1417 5249 J.
1445 5211 1474 5220 -
1497 5191 1526 5252 gl
1545 5182 1715 5249 ‚perlectum
1735 5181 1788 5234 ln.»

341 5271 514 5337 prolectum‘
533 5271 604 5338 Καρ,
618 5271 639 5338 J.
