3988 5844
1035 427 1088 475 204

342 649 446 701 aut..
471 639 519 701 vel
549 640 693 703 heredes
716 642 766 702 sui
790 641 938 718 predicta
971 641 1203 720 adimplebunt
1232 640 1436 724 integraliter
1467 649 1568 702 etex
1592 649 1676 714 toto,
1707 658 1784 700 cum

341 749 460 827 quibus
484 751 516 810 in
541 749 662 810 eodem
687 749 762 810 loco
786 745 910 811 forensi
934 758 967 810 et
983 769 1050 811 non
1075 748 1153 812 alibi
1178 757 1391 828 preterquam
1407 749 1439 810 in
1456 748 1554 809 bonis
1578 747 1787 808 hereditariis

341 874 380 916 ac
406 857 548 934 propriis
571 857 773 918 tenebuntur
797 856 1014 917 residenciam
1039 853 1148 916 facere
1172 855 1399 935 personalem;
1431 854 1495 916 hoc
1520 854 1661 930 adiecto,
1693 853 1784 935 quod

341 962 367 1024 si
399 973 536 1041 propter
567 973 715 1024 nostram
750 963 958 1045 ingruentem
993 963 1225 1025 necessitatem
1261 971 1518 1042 nostrorumque
1554 979 1785 1023 successorum

341 1069 528 1130 subsidium
553 1091 572 1131 a
597 1070 799 1149 pauperibus
824 1070 1039 1149 episcopatus
1070 1073 1175 1132 nostri
1199 1089 1262 1132 nos
1285 1071 1433 1148 recipere
1464 1075 1662 1148 oporteret,a
1682 1068 1783 1129 iidem

341 1195 506 1254 pauperes
530 1177 628 1238 nobis
652 1185 686 1238 et
709 1177 832 1238 nostris
856 1176 1109 1239 successoribus
1124 1178 1205 1239 dare
1222 1185 1407 1252 teneantur,
1432 1176 1518 1238 sicut
1534 1178 1577 1239 ab
1595 1177 1665 1238 aliis
1682 1175 1787 1237 laneis

340 1302 523 1362 pauperum
541 1284 757 1362 episcopatus
774 1285 949 1345 memorati
964 1284 1161 1347 duxerimus
1177 1285 1423 1365 requirendum.
1441 1281 1626 1346 Statuimus
1641 1283 1785 1364 insuper,

340 1399 377 1451 ut
401 1390 489 1450 idem
514 1391 617 1452 iudex
633 1389 674 1451 de
691 1391 798 1468 culpis
813 1391 953 1452 tercium
979 1391 1151 1452 denarium
1168 1411 1230 1470 pro
1246 1411 1282 1452 se
1299 1393 1446 1472 recipiat,
1471 1389 1553 1452 alios
1568 1391 1656 1452 duos
1672 1399 1785 1452 nostre

341 1515 472 1558 camere
489 1497 699 1579 assignando,
724 1500 876 1575 exceptis
893 1499 1071 1560 dumtaxat
1086 1499 1192 1560 tribus
1209 1498 1315 1578 culpis
1335 1496 1568 1572 criminalibus,
1593 1516 1677 1578 quas
1693 1497 1786 1558 iuxta

340 1611 427 1664 terre
459 1605 736 1665 consuetudinem
769 1613 884 1665 nostro
916 1605 1038 1666 iudicio
1070 1625 1109 1667 ac
1141 1625 1274 1668 camere
1306 1623 1523 1668 reservamus,
1555 1605 1591 1668 ln
1623 1605 1716 1666 cuius
1740 1605 1786 1665 rei

339 1711 565 1772 testimonium
584 1730 721 1789 presens
738 1715 897 1790 scriptum
914 1711 983 1774 fieri
996 1721 1030 1774 et
1043 1712 1137 1794 sigilli
1152 1713 1256 1775 nostri
1274 1713 1455 1775 munimine
1470 1711 1610 1775 fecimus
1626 1711 1786 1774 roborari.

339 1818 464 1880 Datum
488 1828 550 1879 etc.
583 1817 795 1880 Pontificatus
820 1830 883 1882 etc.

446 1974 507 2028 Fol.
527 1980 561 2028 46
586 1975 611 2028 ὅ.
625 1979 685 2037 264,
705 1975 749 2028 tei
769 1991 787 2026 v
808 1977 945 2043 rukopise
965 1976 1096 2045 kapituly
1115 1976 1238 2030 Praislre
1257 1974 1332 2047 J⁴0b
1351 1976 1398 2031 iol.
1421 1982 1481 2030 267.
1500 1975 1635 2045 (Palacky
1655 1975 1783 2028 Formel·

340 2063 451 2115 bacher
470 2062 494 2116 11
514 2071 549 2116 st.
569 2069 629 2126 209,
650 2049 832 2134 Celakovsky
859 2065 951 2118 nnn.
977 2065 1002 2118 11
1027 2073 1061 2119 st.
1089 2068 1159 2129 rsa).
1193 2066 1259 2120 obe
1283 2067 1379 2135 listiny
1407 2065 1618 2136 ptedcnazejtct
1645 2081 1662 2117 a
1688 2065 1785 2133 listiny

340 2151 363 2205 ὅ.
383 2157 444 2214 255,
463 2157 605 2207 257-259
624 2153 742 2222 tykajlci
762 2168 793 2206 se
812 2155 881 2208 take
899 2156 1021 2223 prodeje
1040 2171 1057 2207 a
1076 2156 1194 2208 osazenl
1218 2157 1416 2225 biskupskyclr
1441 2156 1485 2208 vsi
1510 2171 1527 2208 a
1545 2149 1643 2208 statkir
1668 2153 1785 2222 ulrazujr'

340 2243 358 2293 k
375 2241 565 2310 jednotnemu
586 2244 672 2310 planu
692 2243 934 2312 hospodalskt'rclr
964 2245 1072 2298 reform
1091 2261 1108 2298 a
1126 2245 1315 2312 nepochazeii
1335 2263 1349 2297 z
1369 2245 1448 2314 doby
1467 2245 1540 2312 pled
1559 2247 1674 2298 r.128⁴.
1693 2243 1783 2296 Totel

339 2330 564 2399 chronologiclte
584 2332 715 2384 omezeni
735 2331 804 2399 plati
823 2334 1074 2400 pravdepodobne
1093 2335 1102 2386 i
1122 2350 1174 2401 pro
1193 2341 1257 2387 tuto
1277 2335 1384 2388 listinu.

1023 2569 1096 2631 265.

339 2709 461 2791 Bz'skup
496 2709 612 2772 lobias
641 2709 730 2770 ddua'
759 2711 1021 2792 nejmenovany'm
1046 2711 1190 2775 bratrrlm
1213 2712 1285 2773 ctist
1306 2712 1446 2774 didiclvz'
1474 2713 1567 2774 svllzo
1599 2731 1620 2772 v
1634 2709 1784 2794 Jizke‘msi

338 2818 430 2879 mista
451 2838 468 2879 s
492 2826 545 2878 tou
563 2815 771 2898 podmz'nkou,
799 2818 835 2878 ale
857 2817 920 2879 den
943 2821 1074 2899 oy'roc'nt
1100 2820 1202 2882 rimrlz'
1220 2824 1321 2900 stratae
1342 2819 1424 2900 jetro
1451 2819 1603 2902 probatio
1641 2817 1782 2892 Tobiriie,
1836 2878 1839 2885 r

337 2944 358 2984 a
381 2927 423 2984 ari
446 2944 486 2987 on
516 2927 630 2998 aemie,
663 2923 726 2986 den
744 2925 824 3006 jeho
856 2927 954 2987 u'mrtz'
988 2927 1093 2988 oslavr'
1128 2928 1201 3003 mii,
1234 2928 1408 2988 almua‘nou
1442 2947 1463 2987 a
1498 2927 1655 2989 hoitinz'm
1689 2925 1788 2988 letaldi

958 3053 979 3093 a
1002 3033 1153 3114 claudici,

1409 3121 1674 3204 (1279—1296).

449 3261 637 3340 Episcopus
661 3259 789 3324 confert
812 3263 957 3344 quedam
982 3267 1079 3341 bona,
1110 3274 1146 3327 ut
1178 3267 1360 3330 elemosina
1388 3270 1420 3328 in
1445 3267 1670 3329 anniversario

871 3371 1047 3434 cuiusdam
1071 3374 1245 3436 tribuatur.

443 3505 638 3593 Th0(bias)b
661 3512 715 3574 dei
740 3515 853 3594 gracia
877 3513 1050 3595 Pragensis
1075 3517 1254 3596 episcopus
1283 3519 1443 3578 universis
1475 3525 1648 3596 presentes
1672 3515 1782 3578 literas

336 3619 533 3696 inspecturis
556 3618 697 3680 salutem
722 3623 754 3681 in
779 3619 927 3682 domin0.
953 3621 1046 3684 Licet
1070 3625 1102 3683 in
1126 3621 1242 3686 officiis
1270 3625 1437 3687 caritatisc
1463 3624 1618 3686 omnibus
1641 3643 1780 3705 genera-

336 3725 409 3786 liter
433 3735 606 3787 teneamur
629 3745 702 3787 esse
720 3728 870 3803 obnoxii,
894 3729 1053 3808 precipue
1080 3740 1192 3792 tamen
1209 3732 1279 3806 illis,
1305 3733 1359 3813 qui
1376 3741 1483 3794 totum
1503 3726 1624 3794 suurnd
1647 3741 1781 3811 tempus

336 3835 367 3893 in
393 3834 515 3893 nostris
540 3841 572 3894 et
596 3841 786 3895 nostrorum
810 3836 955 3896 serviciis
980 3837 1224 3914 impenderunt.
1257 3839 1383 3901 Noscat
1415 3840 1512 3920 igitur
1542 3849 1611 3901 tam
1644 3856 1780 3916 presens

336 3951 407 4000 etas
435 3957 534 4019 quam
567 3957 762 4002 successura
792 3943 968 4018 posteritas
1000 3942 1193 4021 futurorum,
1225 3945 1315 4026 quod
1348 3965 1465 4007 nos..
1490 3953 1585 4006 εΗ
1616 3945 1781 4018 fratribus,

336 4045 465 4108 dilectis
490 4044 643 4107 fidelibus
667 4048 795 4122 nostris,
819 4049 891 4110 filiis
909 4095 939 4112 ..
965 4049 1043 4112 dicti
1069 4053 1111 4113 de
1129 4101 1135 4113 ,
1153 4098 1168 4128 .,
1193 4055 1248 4132 qui
1272 4054 1369 4114 nobis
1393 4063 1426 4114 et
1446 4053 1567 4116 nostris
1591 4054 1779 4134 progenito·

336 4154 425 4214 ribus
460 4171 535 4213 cum
570 4161 640 4214 tota
676 4153 824 4232 ipsorum
868 4159 1024 4237 progenie
1060 4161 1187 4221 cunctis
1221 4161 1284 4221 vite
1316 4180 1374 4222 sue
1397 4159 1606 4240 temporibus
1640 4158 1782 4221 fideliter

336 4263 527 4334 servierunt,
550 4260 696 4322 serviunt
720 4262 763 4323 ad
789 4281 926 4340 presens
957 4277 990 4326 et
1021 4271 1165 4328 servient
1195 4270 1229 4329 in
1259 4265 1414 4344 futurum,
1445 4267 1596 4330 volentes
1630 4269 1779 4347 ipsorum

335 4368 479 4430 serviciis
503 4378 597 4448 grata
620 4369 846 4431 vicissitudine
878 4371 985 4453 dignis
1017 4377 1220 4451 premiorum
1253 4376 1534 4438 retribucionibus
1565 4355 1779 4454 respondere,

335 4485 463 4554 partem
487 4477 676 4554 patrimonii
692 4477 805 4552 nostri,
830 4497 931 4557 quarn
948 4480 980 4541 in
997 4480 1073 4543 loco
1091 4479 1211 4543 forensi
1232 4481 1408 4564 vulgariter
1432 4483 1524 4544 dicto
1542 4530 1570 4545 ..
1592 4481 1779 4558 habuimus,

336 4577 439 4664 (cum)
464 4581 536 4643 loro
560 4582 662 4643 tercie
687 4583 773 4659 ferie,
800 4601 875 4645 cum
900 4585 970 4647 iure
995 4597 1190 4665 patronatus
1215 4590 1356 4652 ecclesie
1380 4591 1502 4652 ibidem
1528 4591 1596 4666 site,
1624 4589 1779 4665 tabernis,

335 4692 421 4771 agris
439 4689 535 4751 cultis
552 4698 586 4750 et
601 4685 758 4767 incultiS,f
778 4692 888 4770 pratis,
906 4697 1049 4774 pascuis,
1073 4695 1169 4764 silvis.
1196 4697 1330 4772 rubetis
1354 4700 1458 4777 aquis,
1482 4716 1643 4779 aquarum
1660 4698 1780 4759 decur-

333 4798 433 4871 sibus,
458 4798 712 4876 piscacionibus,
736 4798 935 4863 molendinis
958 4821 998 4862 ac
1023 4803 1092 4864 aliis
1115 4803 1240 4865 iuribus
1263 4815 1296 4866 et
1320 4805 1532 4884 pertinenciis
1556 4805 1715 4866 universis
1739 4824 1779 4867 ac

335 4903 513 4966 heredibus
549 4906 744 4968 eorumdem
780 4907 941 4985 dedimus,
973 4909 1168 4972 donavimus
1200 4931 1239 4973 ac
1271 4911 1467 4975 tradidimus
1497 4911 1677 4974 liberaliter
1708 4915 1779 4973 iure

441 5105 468 5160 a)
489 5101 622 5166 ,oportet‘
641 5099 690 5162 ln,
710 5108 876 5168 ‚oporteret‘
901 5104 973 5171 Kap.
989 5102 1010 5170 J.
1035 5133 1066 5141 —
1088 5104 1119 5171 b)
1135 5102 1177 5170 Jo‘
1198 5103 1269 5171 Kap.
1289 5104 1311 5173 J.
1345 5133 1377 5142 -
1407 5105 1433 5172 c)
1454 5104 1554 5165 ‚carito
1573 5105 1710 5158 caritatis*
1729 5103 1779 5164 ln.‚

333 5189 479 5254 ,caritatis‘
499 5187 570 5254 Kap.
589 5188 612 5258 J.
633 5219 664 5226 -
684 5190 715 5255 d)
736 5192 805 5252 ,sue‘
824 5193 873 5260 ln,
894 5201 987 5246 suurn·
1007 5193 1078 5260 Kap.
1089 5193 1112 5262 J.
1135 5223 1167 5231 -
1187 5196 1215 5258 e)
1236 5193 1270 5245 H.
1290 5201 1319 5246 et
1339 5195 1376 5247 B}
1397 5193 1469 5261 Kap.
1485 5191 1508 5261 J.
1530 5223 1562 5232 -
1583 5193 1609 5260 f)
1630 5194 1778 5258 ,inscultis‘

334 5279 380 5340 ln.,
401 5278 532 5339 ,incultis‘
552 5277 625 5346 Kap.
634 5277 656 5346 J.
