3968 5848
1033 713 1105 772 174.

341 869 467 951 Biskup
495 867 612 932 Tobia'i
632 871 720 934 idda
737 871 963 952 provincidlnr'
981 873 1132 956 kapitula
1156 871 1309 936 minon'tri
1333 891 1355 932 v
1370 869 1518 940 sandali,
1542 869 1604 951 aby
1619 866 1791 930 modlitbou

340 980 427 1060 svojc‘
453 978 592 1059 pfisplli
621 977 642 1040 k
676 980 852 1042 odvrdceni
877 980 1093 1063 protivenstvi
1128 979 1171 1042 od
1199 977 1291 1042 kra'le
1330 977 1483 1055 Va‘clava,
1514 975 1673 1056 kra'loamy
1710 972 1793 1054 Guty

893 1111 914 1150 a
937 1088 1057 1152 diecese
1083 1085 1235 1151 Pradskl.

1199 1281 1306 1366 (1287
1327 1287 1477 1346 lervenec
1501 1278 1682 1361 4-1290).

431 1441 620 1525 Episcopus
645 1446 744 1507 mittit
768 1447 879 1508 literas
903 1445 1060 1510 fratribus
1084 1446 1268 1510 minoribus
1285 1447 1327 1508 ad
1345 1447 1494 1524 ipsorum
1518 1441 1701 1522 capitulum

432 1551 634 1629 provinciale
660 1554 931 1616 commendando
964 1573 1077 1636 regem
1109 1565 1143 1616 et
1168 1555 1325 1634 reginam,
1358 1572 1403 1628 se,
1435 1552 1560 1613 clerum
1585 1559 1618 1611 et
1642 1567 1701 1628 po·

624 1659 738 1739 pulum
763 1661 825 1723 sibi
850 1666 1066 1725 commissum
1091 1662 1124 1723 in
1149 1661 1319 1722 orationes
1342 1660 1501 1737 ipsorum.

447 1816 641 1900 Th(obias)⁸
666 1820 719 1882 dei
743 1821 855 1902 gracia
879 1833 942 1884 etc.
968 1821 1118 1884 honestis
1143 1831 1176 1884 et
1194 1821 1357 1903 religiosis
1373 1820 1448 1881 viris
1465 1817 1556 1881 fratri
1573 1811 1645 1880 W.¹'
1665 1815 1790 1879 vicario

341 1935 374 1985 et
399 1923 633 1990 diffinitoribus
657 1947 696 1988 ac
721 1928 880 1992 universis
904 1927 1061 1991 fratribus
1092 1929 1276 1991 minoribus
1308 1930 1398 2009 apud
1423 1924 1592 1989 Sandeczc
1604 1922 1629 2006 1)
1657 1924 1691 1986 in
1715 1942 1790 2004 pro-

340 2030 471 2094 vinciali
506 2035 654 2112 capitulo
691 2037 879 2099 constitutis
914 2036 1055 2099 salutem
1091 2047 1125 2098 et
1160 2041 1323 2098 sinceram
1359 2036 1391 2098 in
1432 2035 1570 2097 domino
1606 2034 1790 2095 caritatem.

341 2137 466 2201 Confisi
492 2159 592 2221 quam
618 2142 794 2223 plurimum
820 2145 862 2205 de
887 2153 996 2206 vestre
1020 2157 1053 2207 et
1077 2145 1180 2206 totius
1204 2143 1329 2206 ordinis
1361 2141 1461 2204 vestri
1492 2145 1546 2222 pie
1578 2139 1791 2222 benignitatis

340 2249 497 2331 insigniis,
522 2267 587 2329 que
618 2251 650 2312 in
674 2259 746 2312 toto
778 2252 860 2312 orbe
895 2260 1067 2326 terrarum,
1104 2253 1295 2333 ubicunque
1331 2251 1508 2313 christiana
1545 2252 1633 2330 viget
1664 2245 1790 2328 religio,

339 2359 456 2439 iugiter
480 2372 513 2420 et
536 2356 711 2420 salubriter
734 2358 936 2432 elucescunt,
962 2359 1148 2422 honestatis
1172 2370 1281 2422 vestre
1305 2358 1522 2421 clemenciam
1546 2357 1636 2418 omni
1653 2371 1791 2435 precum

340 2468 503 2527 instancia
535 2485 602 2546 qua
630 2485 809 2544 possumus
841 2465 1008 2528 humiliter
1038 2486 1229 2542 exoramus
1260 2474 1425 2547 quatenus
1457 2464 1672 2528 considerato
1700 2471 1789 2522 statu

339 2573 512 2654 Pragensis
536 2574 677 2636 civitatis
701 2584 734 2636 et
758 2573 922 2651 dyocesis,
945 2575 1001 2654 qui
1025 2574 1137 2636 adhuc
1161 2574 1367 2656 prochdolor
1383 2575 1415 2634 in
1432 2591 1468 2634 se
1484 2573 1557 2651 ipso
1574 2570 1706 2632 vacillat
1721 2587 1790 2631 non

340 2681 510 2742 modicum
536 2691 568 2742 et
592 2682 757 2742 contraria
781 2680 897 2760 recipit
921 2682 1135 2751 incrementa,
1160 2702 1222 2762 pro
1237 2681 1352 2743 illustri
1376 2691 1410 2742 et
1427 2679 1626 2754 precordiali
1650 2677 1789 2739 domino

339 2797 454 2850 nostro
481 2781 710 2868 W(enceslao)
735 2805 813 2868 rege
837 2787 996 2850 Bohemie
1028 2799 1062 2850 et
1094 2789 1288 2851 marchione
1322 2787 1480 2861 Moravie,
1513 2784 1648 2865 speciali
1679 2783 1788 2845 amico

338 2893 465 2956 ordinis
488 2895 596 2971 vestri,
613 2915 652 2956 ac
669 2915 830 2976 generosa
848 2903 882 2957 et
897 2896 1087 2975 precellenti
1104 2896 1240 2959 domina
1255 2905 1370 2958 nostra
1387 2887 1505 2976 G(utal
1524 2896 1629 2974 ipsius
1646 2893 1790 2974 coniuge

340 3010 373 3061 et
395 3001 543 3079 ipsorum
569 3002 723 3066 fidelibus
756 3005 915 3066 universis
947 3023 1100 3066 necnon
1133 3025 1194 3086 pro
1227 3005 1317 3066 bono
1350 3013 1437 3066 statu
1468 3011 1731 3082 terrarumque
1756 3000 1788 3060 in

339 3127 455 3169 eorum
473 3110 660 3172 consistunt
675 3110 838 3186 dominio,
863 3130 924 3190 pro
949 3113 1046 3173 nobis
1070 3130 1215 3191 quoqne,
1238 3112 1264 3172 si
1290 3109 1338 3172 las
1370 3120 1421 3171 est
1444 3109 1564 3184 dicere,
1589 3120 1623 3170 et
1647 3106 1788 3170 ecclesia

338 3224 453 3276 nostra
478 3225 511 3278 et
536 3215 663 3295 prefate
687 3219 844 3296 dyocesis
868 3220 958 3282 clero
982 3229 1016 3280 et
1039 3218 1165 3298 populo
1190 3239 1229 3280 ac
1255 3238 1316 3298 pro
1341 3217 1496 3279 habenda
1528 3235 1613 3296 pace
1637 3219 1788 3296 ipsorum

338 3331 371 3381 et
396 3322 587 3397 commodo,
613 3333 648 3386 ut
671 3323 890 3388 adversitates
923 3328 966 3388 ab
991 3328 1040 3388 eis
1064 3335 1096 3386 et
1121 3326 1218 3388 nobis
1250 3327 1334 3388 deus
1367 3325 1583 3404 omnipotens
1615 3341 1789 3386 removere

337 3431 499 3512 dignetur,
508 3451 669 3512 prospera
679 3443 712 3494 et
723 3432 899 3514 tranquilla
909 3443 1061 3512 tempora
1072 3434 1331 3497 misericorditer
1344 3431 1577 3509 concedendo,
1591 3433 1789 3493 oracionum

337 3549 521 3600 vestrarum
538 3537 695 3622 suffragia
712 3539 901 3616 clementer,
926 3541 1010 3602 sicut
1026 3543 1068 3602 de
1085 3542 1179 3603 vobis
1195 3539 1402 3616 confidimus,
1416 3540 1597 3623 dignemini
1615 3538 1788 3616 adhibere,

339 3647 710 3709 recommendacionem
735 3667 835 3727 super
852 3647 913 3709 hiis
936 3667 1029 3710 more
1047 3648 1170 3710 salubri
1188 3659 1221 3709 et
1237 3649 1336 3712 solito
1358 3649 1391 3710 in
1409 3648 1554 3726 presenti
1579 3645 1788 3709 sanctissime

336 3763 445 3816 vestre
470 3754 743 3836 congregacionis
766 3754 913 3833 capitulo
937 3753 1106 3833 iacientes,
1130 3768 1165 3818 ut
1189 3775 1251 3818 nos
1276 3757 1370 3818 vobis
1394 3767 1427 3818 et
1451 3759 1512 3818 toti
1537 3754 1644 3817 ordini
1675 3763 1787 3816 vestro

337 3880 401 3922 una
426 3879 501 3922 cum
526 3861 664 3923 domino
684 3873 799 3924 nostro
824 3881 901 3945 rege
918 3871 951 3923 et
968 3863 1080 3944 regina
1093 3863 1251 3942 predictis
1268 3875 1301 3924 et
1318 3865 1476 3925 universis
1490 3882 1606 3925 eorum
1632 3860 1788 3924 fidelibus

336 3987 376 4029 ac
401 3966 531 4046 prelato
552 3969 641 4032 clero
666 3979 700 4033 et
724 3969 848 4050 populo
873 3971 1027 4032 universo
1052 3971 1149 4032 nobis
1166 3964 1312 4032 creditod
1334 3990 1394 4050 per
1410 3970 1472 4032 hec
1489 3980 1597 4032 vestre
1614 3969 1789 4032 clementis

336 4085 370 4137 et
395 4078 523 4137 sincere
548 4077 695 4140 caritatis
719 4077 862 4140 salubria
887 4077 1050 4139 beneficia
1076 4079 1106 4140 in
1131 4081 1245 4139 vestris
1270 4086 1304 4138 et
1319 4087 1504 4140 vestrorum
1530 4077 1788 4159 necessitatibus

337 4184 439 4244 simus
465 4186 665 4263 propensius
690 4194 722 4245 et
746 4183 925 4262 specialius
950 4184 1096 4264 obligati.
1123 4183 1247 4248 Datum
1273 4195 1335 4246 etc.

443 4374 505 4428 Fol.
525 4378 558 4425 27
579 4373 603 4426 ὅ.
624 4380 683 4434 174,
704 4375 749 4428 tei
769 4391 786 4427 v
806 4377 945 4441 rukopise
972 4377 1103 4445 kapituly
1128 4376 1252 4430 Pralske
1271 4377 1285 4445 J
1305 4374 1351 4430 40¹²
1371 4375 1419 4429 sol.
1440 4377 1509 4430 2⁴5¹.
1541 4373 1689 4430 Kralovna
1709 4375 1788 4432 Guta

336 4480 368 4517 se
388 4463 442 4516 zde
460 4463 497 4532 jii
516 4464 626 4532 nazvva
645 4463 773 4530 ,domina
792 4465 908 4530 nostra‘,
929 4467 998 4532 psan
1019 4467 1089 4534 tedy
1110 4466 1156 4519 list
1169 4473 1250 4520 tento
1274 4467 1339 4536 jiste
1366 4467 1398 4519 ai
1424 4481 1462 4534 po
1481 4465 1558 4535 jejr'm
1585 4465 1729 4534 pllchodu
1749 4467 1790 4520 do

336 4537 415 4607 Ccch
435 4557 462 4616 (4
483 4554 624 4607 dervense
645 4551 732 4622 1287).
771 4552 853 4606 Tomi
873 4555 1082 4614 ,adversitates‘
1112 4571 1144 4608 se
1169 4556 1223 4609 zde
1252 4556 1335 4624 mysli
1363 4555 1405 4608 asi
1432 4555 1593 4622 nebezpedi
1619 4557 1658 4609 od
1686 4555 1789 4610 Zdvise

336 4660 350 4696 z
370 4643 577 4712 Falkenstejna
601 4659 618 4696 a
635 4643 704 4711 jeho
724 4652 823 4713 strany
842 4643 952 4698 hrozlci
971 4644 1063 4712 steine
1084 4645 1240 4712 biskupovi
1256 4647 1327 4714 jairo
1347 4645 1450 4698 dvoru.
1481 4643 1546 4698 Tlm
1566 4645 1605 4714 by
1625 4645 1702 4698 dana
1723 4645 1789 4714 byla

336 4733 402 4785 take
422 4733 515 4786 druha
536 4733 762 4802 chronologicka
782 4747 852 4800 rnez,
872 4748 888 4786 a
908 4741 939 4786 to
955 4750 976 4786 r.
991 4738 1068 4796 1290,
1090 4737 1202 4804 kterym
1217 4741 1280 4788 toto
1293 4734 1453 4801 nebezpedi
1467 4735 1624 4801 pominulo.
1646 4733 1789 4805 Podobny

335 4823 382 4876 list
401 4824 444 4876 via
464 4823 523 4890 pod
543 4823 567 4876 ἐ.
588 4828 629 4875 14.

446 4949 464 5014 ¹)
486 4947 599 5002 Sandcd
619 4947 713 5016 (Saea)
734 4964 751 5000 v
771 4947 871 5002 Halidi.

443 5252 470 5320 a)
489 5251 540 5320 ,Jo‘
561 5251 632 5318 Kap.
653 5251 675 5320 J.
697 5279 728 5288 —
750 5249 779 5317 b)
799 5251 848 5312 ,th‘
869 5250 941 5318 Kap.
962 5252 983 5319 J.
1007 5281 1035 5288 -
1058 5253 1085 5314 c)
1106 5291 1121 5312 ,.
1142 5253 1156 5303 .‘
1179 5249 1250 5317 Kap.
1270 5252 1294 5318 J.
1316 5281 1342 5288 -
1368 5251 1399 5318 d)
1420 5252 1546 5311 ‚tradito‘
1566 5251 1640 5320 Kap.
1660 5255 1684 5323 J.
