3988 5844
898 385 948 431 207

888 650 963 712 267.

205 809 359 890 Kapitula
392 809 541 873 Pradska'
564 809 653 872 da‘vd
676 809 845 892 brikupovi
873 811 903 874 T
899 809 1042 874 obturavi
1059 811 1160 892 plnou
1188 829 1259 873 moc
1281 809 1406 874 odlehle'
1427 832 1447 872 n
1464 814 1651 874 osamocenl

576 916 686 997 stntky
708 916 883 997 biskupske'
896 917 1019 1006 prodat
1044 917 1101 980 neb
1124 917 1273 998 vymlnit.

1271 1075 1538 1161 (1279—1283).

542 1236 710 1302 Assensus
734 1237 835 1301 totius
859 1238 995 1318 capituli
1019 1239 1118 1302 datus
1142 1241 1311 1321 episcopo.

309 1379 344 1441 In
362 1383 498 1443 nomine
522 1380 648 1442 domini
665 1399 771 1442 amen.
797 1378 870 1443 Nos
885 1379 1059 1444 Gotlridus
1076 1381 1265 1462 prepositus
1282 1381 1465 1466 Pragensis,
1489 1385 1648 1467 magister

203 1481 413 1570 G(regorius)
438 1488 609 1550 decanus·
631 1497 808 1569 totumque
839 1487 1013 1571 Pragensis
1044 1489 1185 1552 ecclesie
1216 1489 1398 1570 capitulum
1430 1500 1547 1554 notum
1573 1511 1647 1553 esse

203 1593 355 1656 volumus
380 1595 540 1658 universis
564 1589 782 1675 (presentem)
808 1591 961 1658 literamb
989 1596 1195 1676 inspecturis,
1227 1598 1319 1678 quod
1345 1617 1420 1660 cum
1445 1600 1646 1661 reverendus

203 1705 233 1764 in
258 1699 393 1765 Christo
418 1710 512 1779 pater
536 1709 650 1764 noster
681 1711 714 1764 et
738 1703 894 1765 dominus
928 1701 1118 1781 Th(obias)c
1149 1704 1203 1765 dei
1234 1705 1345 1785 gracia
1377 1703 1549 1786 Pragensis
1580 1706 1649 1785 epi·

201 1828 333 1888 scopus,
349 1810 465 1872 debita
481 1807 768 1872 animadversione
785 1810 1014 1888 considerans,
1029 1810 1167 1874 sollicite
1177 1831 1215 1874 ac
1229 1811 1366 1892 provide
1376 1807 1646 1896 perpendiss[et],

202 1917 294 1997 quod
317 1917 549 1996 possessiones
573 1925 607 1978 et
632 1918 721 1979 bona
745 1918 959 1997 episcopatus
988 1919 1037 1981 sui
1069 1927 1102 1979 et
1126 1918 1267 1981 ecclesie
1299 1918 1472 2000 Pragensis
1503 1922 1646 1998 particu-

203 2023 305 2086 larem
340 2027 441 2087 situm
476 2024 635 2086 habentia
669 2025 702 2085 in
737 2025 875 2088 diversis
917 2026 1095 2105 provinciis
1129 2025 1220 2108 regni
1259 2025 1397 2088 Boemie
1440 2029 1647 2105 temporibus

201 2149 395 2212 guerrarum
420 2133 577 2212 precipue
609 2131 757 2194 deflendi
788 2153 853 2196 non
887 2141 1027 2212 possunt
1058 2133 1128 2194 siue
1159 2135 1296 2196 nimium
1328 2134 1557 2196 immoderatis
1588 2153 1646 2194 ex·

200 2239 313 2318 pensis
337 2249 369 2301 et
385 2239 475 2321 gravi
489 2258 715 2319 expensarum
740 2250 773 2302 et
798 2259 908 2302 rerum
931 2241 1118 2318 dispendio,
1143 2251 1179 2302 ut
1202 2239 1246 2302 de
1261 2241 1340 2321 ipsis
1364 2241 1488 2304 utilitas
1512 2235 1645 2320 possetd

201 2345 317 2408 haberi
353 2347 475 2422 debita,
508 2349 611 2412 immo
647 2347 838 2431 frequenter
875 2359 908 2412 et
943 2351 1037 2432 quasi
1074 2351 1231 2412 continue
1269 2361 1406 2432 propter
1440 2349 1646 2411 invasionem

201 2451 380 2516 violentam
404 2463 438 2517 et
462 2457 637 2518 avariciam
669 2459 854 2519 vicinorum
879 2477 918 2519 ac
942 2475 1059 2519 eorum
1091 2458 1134 2519 ab
1159 2457 1230 2519 aliis
1265 2457 1362 2520 bonis
1397 2457 1646 2536 episcopalibus

201 2559 334 2622 nimiam
360 2561 556 2625 distanciam
573 2563 680 2626 nullus
698 2583 779 2627 usus
800 2563 931 2626 debitus
954 2565 1191 2626 convenienter
1215 2563 1347 2626 extrahi
1372 2573 1482 2641 potest
1498 2564 1541 2624 ab
1557 2563 1646 2641 ipsis,

200 2667 436 2731 condicionem
460 2667 600 2732 ecclesie
618 2670 800 2754 pragensis,
824 2691 920 2734 suam
944 2680 978 2734 et
997 2673 1212 2751 episcopatus
1228 2671 1278 2733 sui
1294 2669 1470 2733 intendens
1494 2690 1555 2750 pro
1580 2671 1648 2732 suis

200 2775 322 2838 viribus
346 2774 456 2838 facere
480 2776 661 2854 meliorem,
685 2787 836 2841 nostrum
861 2797 960 2860 super
985 2779 1049 2840 hoc
1066 2779 1235 2859 requisivit
1258 2797 1440 2854 assensum,
1464 2786 1501 2840 ut
1516 2778 1587 2857 ipse
1604 2778 1645 2839 de

201 2879 338 2960 prelatis
356 2883 625 2962 possessionibus
642 2895 675 2947 et
693 2885 790 2948 bonis
815 2886 972 2967 predictis
989 2905 1048 2965 per
1063 2887 1277 2962 vendicionis,
1301 2887 1493 2964 empcionis,
1517 2904 1645 2966 permu-

200 2989 341 3052 tacionis
365 3001 398 3052 et
423 2989 603 3054 locacionis
635 3001 826 3056 contractus
858 2994 1046 3056 necessario
1079 2993 1320 3056 racionabiliter
1351 3001 1385 3054 et
1415 2993 1536 3056 utiliter
1568 2991 1644 3054 laci·

200 3095 305 3159 endos
329 3116 406 3159 cum
430 3100 685 3181 quibuscunque
710 3102 861 3179 personis
885 3103 1087 3180 disponeret,
1123 3098 1247 3163 faceret
1278 3119 1317 3162 ac
1341 3102 1440 3162 etiam
1465 3101 1644 3174 ordinaret,

200 3204 290 3284 quod
316 3205 458 3267 ecclesie
482 3206 640 3288 Pragensi
665 3217 699 3270 et
723 3211 931 3287 episcopatui
955 3228 995 3271 ac
1012 3228 1073 3271 suo
1098 3207 1232 3270 cuilibet
1255 3207 1441 3271 successori
1465 3210 1555 3270 bona
1579 3206 1644 3268 fide

200 3311 352 3374 crederet
376 3311 596 3390 profuturum.
622 3313 694 3377 Nos
717 3335 796 3378 vero
814 3318 1054 3395 perspicaciter
1078 3315 1298 3392 attendentes,
1323 3315 1414 3396 quod
1438 3314 1526 3376 idem
1551 3323 1647 3394 pater

200 3427 315 3480 noster
338 3428 373 3482 et
396 3421 551 3483 dominus
568 3425 600 3484 in
618 3421 739 3484 talibus
763 3422 956 3484 ordinandis
980 3423 1127 3505 negociis
1150 3432 1239 3484 esset
1262 3421 1464 3486 sufficienter
1488 3421 1646 3502 providus

199 3545 237 3586 ac
263 3527 365 3587 etiam
389 3529 665 3607 circumspectus,
690 3529 733 3591 de
757 3539 871 3591 nostra
896 3531 1066 3592 communi
1091 3538 1124 3592 et
1140 3531 1286 3592 unanimi
1310 3528 1492 3607 voluntate,
1516 3539 1552 3591 ut
1574 3531 1646 3606 ipse

199 3633 242 3694 de
266 3633 393 3694 eisdem
419 3642 453 3693 et
476 3633 677 3715 quibuslibet
707 3636 777 3699 aliis
801 3639 1018 3718 episcopatus
1049 3637 1097 3700 sui
1123 3638 1391 3717 possessionibus
1422 3647 1525 3718 atque
1549 3635 1644 3698 bonis

199 3739 387 3816 vendend0,
411 3741 565 3818 emendo,
589 3742 742 3820 locando,
773 3743 998 3822 permutando
1022 3745 1144 3807 etalio
1169 3745 1286 3825 quovis
1309 3742 1412 3805 modo
1435 3742 1582 3804 uniendo
1607 3762 1646 3802 ea

199 3857 233 3908 et
256 3848 496 3929 congregando
520 3851 552 3910 in
577 3869 689 3924 unum,
715 3850 850 3913 meliora
883 3853 1097 3930 prospiciens,
1122 3851 1263 3928 ordinet,
1293 3849 1392 3913 iaciat
1415 3863 1447 3912 et
1480 3851 1645 3928 disponat,

198 3954 360 4035 quidquid
385 3954 447 4017 sibi
470 3955 563 4018 iuxta
588 3955 831 4019 discrecionem
857 3967 891 4020 et
906 3959 1100 4022 industriam
1117 3978 1137 4020 a
1154 3959 1219 4020 deo
1236 3957 1297 4020 sibi
1321 3976 1515 4019 concessam
1540 3975 1643 4036 expe-

198 4060 268 4122 dire
293 4061 465 4136 videbitur,
501 4081 674 4125 assensum
706 4083 918 4127 communem
949 4065 1104 4128 dedimus
1134 4065 1333 4139 unanimem,
1358 4063 1497 4126 liberum
1528 4073 1561 4125 et
1585 4083 1643 4126 ex-

199 4187 360 4246 pressum,
385 4177 493 4232 ratuni
517 4179 646 4250 gratum
671 4179 705 4232 et
728 4169 857 4232 firmum
884 4172 1052 4252 perpetuis
1075 4171 1283 4251 temporibus
1306 4171 1459 4246 habituri,
1482 4170 1643 4251 quidquid

80 4289 85 4300 ·
198 4293 257 4353 per
281 4279 391 4354 ipsum
415 4285 449 4338 et
473 4275 572 4338 alium
597 4285 655 4339 aut
678 4276 761 4340 alios
786 4278 861 4340 loco
885 4279 935 4341 sui
958 4277 1083 4340 factum
1108 4287 1142 4340 et
1157 4279 1345 4341 ordinatum
1371 4277 1467 4340 fuerit
1489 4277 1544 4341 in‘
1568 4298 1643 4358 pre·

199 4385 306 4444 missis
342 4384 496 4446 omnibus
530 4393 564 4445 et
598 4385 733 4466 singulis
766 4387 1014 4464 premissorum.
1051 4385 1086 4447 In
1124 4385 1216 4446 cuius
1253 4387 1297 4448 rei
1334 4379 1575 4466 (testimonium
1610 4394 1643 4446 et

197 4489 332 4551 maioris
357 4490 487 4552 roboris
511 4485 738 4572 firmitatemls
762 4503 822 4554 etc.
853 4489 978 4554 Datum
1003 4502 1063 4554 etc.

306 4662 365 4717 Fol.
386 4669 420 4716 47
439 4663 464 4718 ὅ.
483 4669 543 4726 267,
569 4665 615 4718 tei
640 4681 658 4716 v
684 4665 823 4732 rukopise
848 4667 978 4736 lrapituly
1005 4665 1126 4722 Praiskd
1154 4669 1222 4736 140
1253 4666 1300 4720 iol.
1320 4669 1380 4721 266.
1410 4665 1642 4736 Chronologlcke

198 4767 279 4806 meze
299 4752 374 4806 davd
393 4761 508 4807 tumuto
527 4754 593 4807 listu
607 4754 694 4816 doba,
707 4769 745 4820 po
762 4756 865 4807 lrterou
876 4756 924 4824 byl
935 4755 1073 4810 Bohumir
1085 4757 1254 4824 probostem
1269 4755 1422 4826 Praislrym
1435 4753 1517 4826 (1279
1528 4760 1642 4822 4283)

198 4840 231 4895 R.
252 4843 322 4894 1283
342 4841 420 4896 kvet.
439 4845 473 4896 28
492 4857 524 4895 se
543 4843 696 4912 vyslrytujc
716 4843 837 4910 proboit
855 4843 993 4898 BohumIr
1011 4844 1170 4915 naposledy
1189 4843 1299 4913 (Emler
1317 4845 1374 4899 RB.
1394 4845 1418 4898 11
1437 4845 1462 4898 d.
1482 4844 1571 4914 1293).

199 4969 414 4976 ————-—---—-

307 5036 334 5106 a)
353 5036 421 5098 ,Nos
440 5039 605 5106 prepositus
631 5037 673 5104 G,
693 5039 830 5108 magister
849 5039 879 5094 C.
900 5039 1038 5094 decanus·
1066 5039 1139 5108 Kap.
1159 5039 1181 5108 J.
1210 5067 1246 5079 -
1274 5041 1303 5108 b)
1333 5042 1447 5104 ,literas‘
1475 5041 1525 5104 ln..
1554 5056 1639 5109 ‚pres

198 5126 318 5182 literam‘
338 5125 409 5195 Kap.
428 5128 451 5196 J.
473 5155 503 5165 -
524 5125 551 5195 c)
570 5125 628 5194 ,Jo‘
648 5127 721 5193 Kap.
740 5127 763 5196 J.
784 5157 816 5165 -
837 5128 867 5188 dl
887 5134 1001 5194 ,potest¹
1019 5129 1059 5182 In.
1081 5158 1108 5167 -
1133 5127 1160 5198 e)
1174 5135 1221 5188 ,οῖ’
1240 5129 1286 5192 Ιη.,
1307 5131 1354 5194 ,in‘
1372 5129 1444 5198 Kap.
1455 5131 1477 5200 J.
1491 5157 1521 5169 -
1542 5127 1570 5198 l)
1582 5129 1641 5185 Do·

198 5216 307 5282 pluero
326 5215 374 5270 dle
392 5216 466 5284 Kap.
484 5215 507 5284 J.
