4008 5846
925 376 959 425 ³³

914 589 966 650 35.

213 727 339 808 Br'skup
367 729 437 794 Jan
467 729 613 811 dovoluje
635 729 689 792 dle
712 730 866 792 usnesem'
884 729 1014 794 koncilu
1038 729 1208 811 lyonske'lto
1229 729 1475 794 dominikdnllm
1507 731 1663 795 svobodnl

214 835 333 910 kdsati,
358 835 531 918 zpovr'dari,
552 837 678 918 pokdm'
700 836 854 898 ukla‘datr'
874 857 896 898 a
919 837 1076 899 almudnu
1098 838 1192 900 britti.
1227 837 1414 921 Rozkaruje
1435 839 1547 900 vlemu
1570 837 1664 901 knic-

588 951 670 1016 stvu,
695 941 756 1024 aby
769 945 810 1026 se
832 942 854 1004 k
876 943 1016 1008 rikondm
1040 947 1105 1006 tlm
1124 943 1305 1026 pffrpustili.

1097 1121 1129 1184 V
1146 1121 1258 1196 Frate,
1284 1120 1375 1186 1275
1395 1125 1478 1186 u'nor
1500 1123 1553 1187 28.

324 1265 494 1348 Johannes
530 1264 585 1327 dei
620 1267 732 1346 gracia
757 1264 932 1348 Pragensis
964 1269 1145 1345 episcopus
1181 1266 1341 1328 universis
1377 1266 1565 1342 abbatibus,
1590 1288 1663 1348 pre-

217 1377 346 1454 positis,
382 1375 527 1449 decanis
553 1370 812 1449 archidiaconis,
848 1374 1023 1452 prioribus,
1058 1372 1194 1436 decanis
1218 1373 1327 1449 etiam,
1357 1374 1412 1454 qui
1440 1375 1528 1436 vices
1556 1376 1661 1437 archi-

215 1483 438 1544 diaconorum
462 1490 591 1564 gerunt,
624 1480 775 1560 plebanis
806 1489 980 1544 eteorum
1012 1481 1140 1542 vicariis
1163 1481 1196 1541 in
1220 1489 1335 1542 nostra
1370 1481 1501 1543 civitate
1525 1491 1559 1543 et
1582 1483 1663 1561 dyo·

217 1589 285 1651 cesi
318 1589 509 1651 constitutis
544 1587 685 1650 salutem
719 1588 751 1648 in
783 1587 931 1650 domino.
978 1585 1063 1651 Cum
1094 1589 1126 1649 in
1159 1586 1375 1669 Lugdunensi
1410 1588 1552 1650 concilio
1588 1605 1662 1668 pro-

217 1697 308 1758 xime
344 1695 525 1768 celebrato‚
561 1695 613 1757 cui
646 1695 866 1774 personaliter
900 1695 1119 1772 interfuimus,
1151 1695 1261 1756 divina
1284 1694 1466 1756 clemencia
1497 1696 1664 1758 mediante

217 1815 335 1866 contra
372 1804 558 1866 libertatem
595 1811 628 1864 et
663 1804 809 1884 vigorem
850 1801 1103 1883 privilegiorum,
1138 1801 1287 1864 honestis
1326 1813 1359 1864 et
1394 1801 1554 1884 religiosis
1588 1804 1664 1864 viris

216 1911 376 1972 iratribus
411 1909 681 1990 predicatoribus
718 1908 873 1972 omnibus
908 1907 1106 1992 generaliter
1137 1929 1176 1970 ac
1210 1912 1272 1972 toti
1305 1928 1421 1972 eorum
1455 1911 1561 1972 ordini
1586 1911 1663 1972 olim

217 2039 237 2078 a
268 2018 351 2080 sede
387 2016 572 2096 apostolica
605 2036 853 2090 concessorum,
891 2016 990 2078 nichil
1023 2026 1135 2078 actum
1169 2013 1274 2092 fuerit,
1310 2017 1370 2078 sed
1406 2026 1512 2078 status
1547 2033 1664 2078 eorum

217 2129 259 2186 sit
283 2145 343 2204 per
368 2126 541 2186 dominum
574 2144 696 2204 papam
731 2123 914 2186 honorilice
949 2125 1138 2199 roboratus,
1170 2124 1331 2185 universis
1354 2123 1449 2185 vobis
1473 2135 1506 2186 et
1530 2125 1665 2207 singulis

218 2236 429 2294 innotescere
459 2231 612 2294 volumus
648 2251 708 2311 per
733 2241 916 2310 presentes,
953 2232 1045 2312 quod
1079 2231 1145 2293 iam
1176 2231 1255 2293 dicti
1287 2228 1405 2293 iratres
1437 2231 1663 2311 predicatores

218 2339 404 2418 predicare,
440 2337 668 2402 confessiones
705 2339 822 2400 audire
859 2347 891 2400 et
926 2339 1155 2420 poenitencias
1190 2339 1361 2420 iniungere
1395 2355 1434 2399 ac
1469 2337 1664 2402 elemosina·

218 2467 290 2508 rum
322 2447 550 2528 largitionem,
586 2447 628 2508 de
657 2465 723 2528 qua
751 2455 987 2522 sustentantur,
1015 2465 1091 2508 cum
1119 2445 1292 2524 proprium
1316 2463 1383 2508 non
1414 2445 1571 2522 habeant,
1607 2467 1664 2527 pe-

215 2563 287 2615 tere
312 2572 352 2615 ac
377 2554 530 2633 accipere
561 2553 666 2615 libere
691 2562 833 2632 possunt
864 2562 898 2615 et
928 2553 1061 2630 debent,
1097 2553 1370 2615 contradiccione
1394 2555 1571 2615 temeraria
1596 2573 1664 2616 non

217 2661 377 2723 obstante
401 2671 434 2722 et
467 2662 531 2723 hoc
555 2671 625 2723 tam
658 2681 702 2722 ex
729 2663 842 2742 vigore
874 2659 1124 2742 privilegiorum
1160 2659 1250 2722 sedis
1282 2660 1465 2741 apostolice
1496 2662 1664 2742 quamde

218 2777 335 2830 nostra
367 2767 506 2830 licencia
538 2767 687 2848 speciali.
727 2765 827 2830 Unde
859 2767 955 2830 vobis
988 2769 1019 2828 in
1051 2771 1171 2829 virtute
1203 2767 1403 2830 obediencie
1436 2781 1469 2830 et
1491 2768 1554 2830 sub
1579 2787 1665 2849 pena

217 2876 548 2938 excomunicacionis
580 2876 782 2938 mandamus
815 2875 951 2936 firmiter
982 2883 1016 2937 et
1040 2874 1198 2950 districte,
1230 2883 1395 2954 quatenus
1426 2873 1543 2936 iratres
1575 2876 1665 2955 ipsos

218 2984 251 3042 in
276 2983 447 3060 premissis
471 2983 626 3045 omnibus
662 2983 793 3045 actibus
825 2991 859 3044 et
882 2981 980 3043 valde
1012 2981 1193 3043 christiano
1225 2981 1351 3061 populo
1376 2983 1582 3060 necessariis,
1607 3002 1667 3062 per

217 3108 304 3169 quos
329 3099 443 3153 nostra
467 3101 500 3153 et
524 3101 634 3152 vestra
652 3090 778 3152 honera
803 3089 973 3152 evidenter
990 3099 1024 3152 et
1039 3089 1218 3152 salubriter
1243 3087 1467 3165 sublevantur,
1491 3091 1563 3152 sine
1587 3109 1666 3152 con·

218 3195 424 3260 tradiceione
449 3197 599 3278 qualibet
627 3197 660 3258 in
683 3197 801 3259 vestris
837 3197 990 3260 ecclesiis
1014 3207 1048 3258 et
1072 3196 1150 3258 alibi
1174 3195 1400 3258 favorabiliter
1424 3197 1616 3272 admittatis,
1640 3199 1667 3258 si

220 3287 414 3382 premissam
448 3305 781 3367 excomunicacionis
816 3323 939 3384 penam
963 3305 1084 3384 cupitis
1116 3303 1248 3366 evitare.
1287 3301 1448 3382 Alioquin
1473 3305 1585 3366 sciatis
1607 3323 1667 3367 vos

220 3431 340 3493 penam
365 3414 472 3491 ipsam
504 3412 659 3496 exigente
694 3412 825 3474 iusticie
857 3412 973 3474 debito
997 3413 1199 3474 incursuros
1239 3407 1380 3471 Datum⁸
1403 3410 1508 3493 Prage
1543 3410 1572 3472 ll
1598 3410 1664 3472 Ka-

219 3519 337 3582 lendas
355 3518 481 3594 Marcii,
494 3537 582 3582 anno
597 3519 724 3582 domini
743 3516 978 3591 MCCLXXV‚
1003 3517 1217 3598 pontificatus
1234 3535 1313 3578 vero
1328 3517 1431 3580 nostri
1448 3535 1537 3579 anno
1553 3516 1664 3580 XVll.

327 3657 389 3712 Fol.
409 3661 426 3710 ό
447 3657 471 3711 ἐ.
492 3663 534 3722 35,
554 3658 600 3710 tei
620 3673 637 3709 v
657 3659 698 3710 rk.
720 3658 851 3727 kapituly
870 3657 1024 3724 Praislrel
1045 3655 1091 3709 40b
1117 3655 1163 3710 iol.
1184 3661 1255 3710 237.ι
1276 3656 1386 3709 Listina
1399 3663 1461 3711 tato
1478 3659 1536 3726 jest
1555 3658 1664 3710 insero·

220 3749 293 3802 vena
312 3763 329 3798 v
349 3747 590 3816 piedchazejicim
610 3748 760 3815 potvrzeni
780 3747 903 3812 biskupa
923 3744 1058 3799 Tobiase.

921 4035 972 4098 36.

219 4195 346 4278 Biskup
376 4193 494 4257 Tobiae
521 4194 649 4275 udlluje
682 4194 829 4258 40dennr'
859 4193 1017 4277 odpustky
1038 4195 1134 4272 vs'em,
1169 4193 1252 4257 kdot
1274 4215 1307 4256 se
1329 4194 1477 4257 aridastni
1505 4195 1664 4258 slavnost·

218 4302 293 4365 nz'ho
311 4302 487 4383 pienesmi
505 4300 634 4364 ostatkrl
665 4301 880 4382 dorovany'clr
913 4301 1083 4364 Vdclavem
1106 4297 1151 4364 JI.
1169 4301 1344 4382 patronovi
1365 4300 1486 4363 kostela
1510 4301 1546 4363 P.
1570 4322 1591 4363 v
1613 4321 1665 4364 nr·

209 4409 443 4491 jmenovane'm
466 4410 560 4473 mr'stl
579 4429 600 4470 a
623 4408 709 4472 ledat
730 4430 772 4471 za
788 4406 929 4490 urlzry‘clz
952 4407 1124 4488 podmr‘nek
1138 4407 1243 4470 kostel
1255 4417 1306 4470 ten
1322 4407 1474 4471 navitr'vz'.
1500 4408 1666 4490 Potvrzuje

478 4516 616 4592 pedani
635 4516 792 4596 odpuukrt
817 4515 974 4578 Detricta
997 4514 1134 4598 br'skupa
1163 4513 1402 4578 Olomoucke'lro.

1081 4692 1111 4755 V
1129 4692 1243 4774 Praze,
1268 4691 1357 4757 1287
1378 4692 1481 4757 doben
1506 4695 1557 4757 13.

580 4783 706 4847 Littera
732 4781 956 4876 indulgencie,

326 4921 520 5010 Thtobiash
544 4924 598 4988 dei
622 4929 736 5010 gracia
762 4927 938 5008 Pragensis
970 4928 1150 5008 episcopus
1181 4925 1342 4990 universis
1365 4924 1488 4990 Christi
1512 4927 1667 4990 fidelibus

218 5053 276 5113 per
301 5033 503 5116 Pragensem
528 5033 695 5097 civitatem
722 5045 754 5096 et
779 5033 951 5112 dyocesim
984 5031 1173 5095 constitutis
1195 5029 1337 5097 salutem
1362 5037 1394 5097 in
1419 5035 1557 5097 domino
1581 5053 1665 5096 sem-

326 5208 354 5264 al
373 5207 430 5260 Bez
449 5208 586 5263 datovani
605 5207 679 5277 Kap.
691 5207 716 5277 J.
738 5237 768 5246 -
789 5207 820 5278 b)
839 5207 984 5270 ‚Thomas‘
1014 5207 1086 5275 Kap.
1096 5205 1119 5274 J.

274 5330 295 5383 J.
306 5331 333 5372 a.
344 5331 458 5373 uovri:
474 5331 592 5374 rotund
602 5331 701 5384 biskupa
714 5331 816 5374 robiate
832 5344 843 5372 ι
857 5331 971 5384 nechyne.
1541 5319 1558 5368 3
