3968 5848
886 763 947 858 89.

202 990 320 1072 Brskup
341 989 458 1054 Tobiae
476 993 623 1073 naiiauje
639 991 696 1067 M„
719 990 927 1071 arcijdlmovi
947 990 1193 1072 Bechyrisklmu,
1218 991 1278 1073 aby
1295 992 1462 1074 prohla'sil
1483 991 1641 1054 z'nterdikt

201 1098 265 1160 nod
277 1098 396 1179 kosteht
407 1111 501 1178 pana
518 1095 715 1179 H(roznaty)
732 1119 752 1160 a
768 1093 910 1177 (Husic),
932 1098 1023 1180 ktery‘
1036 1098 1195 1181 apustoiil
1207 1098 1381 1182 biskupskl
1394 1101 1492 1162 misto
1512 1099 1640 1179 cly'nov

424 1226 446 1267 a
468 1225 488 1268 z
511 1205 656 1268 kostelriv
679 1207 776 1285 svy'ch
800 1206 873 1268 dala
896 1215 986 1268 torae
1002 1209 1093 1285 proti
1113 1207 1262 1268 usnesem'
1284 1207 1413 1288 synody.

1407 1400 1532 1480 (1289).

254 1579 443 1661 Episcopus
466 1580 606 1642 mandat
629 1580 889 1658 archidyacono,
912 1589 949 1642 ut
972 1587 1113 1658 poneret
1136 1579 1345 1644 interdictum
1371 1582 1403 1644 in
1427 1580 1583 1656 ecclesiis,

580 1688 611 1749 in
636 1689 756 1769 quibus
780 1690 987 1752 municiones
1011 1696 1258 1750 construuntur.

302 1862 499 1948 Th(obias)⁸
522 1867 576 1928 dei
607 1868 717 1951 gracia
749 1879 811 1930 etc.
843 1868 1028 1930 honorabili
1059 1869 1128 1929 viro
1161 1863 1223 1931 Ml>
1244 1866 1493 1944 archidyacono
1526 1863 1639 1926 Bechi-

201 1973 288 2035 nensi
313 1981 376 2034 etc.
401 1970 484 2036 Cum
510 1973 630 2036 nobilis
654 1977 702 2037 vir
726 1974 882 2037 dominus
906 1969 1106 2056 H(roznata)
1132 1977 1173 2038 de
1195 1970 1331 2058 (Husic)
1347 1973 1516 2037 violenciis
1533 1970 1640 2034 multi-

201 2079 345 2158 plicibus,
369 2099 453 2160 quas
478 2081 569 2160 prius
593 2083 627 2143 in
651 2083 749 2144 bonis
772 2085 989 2162 episcopatus
1013 2084 1115 2145 nostri
1140 2103 1198 2162 per
1222 2103 1257 2146 se
1281 2091 1315 2145 et
1339 2100 1417 2144 suos
1442 2080 1642 2161 presumpsit

199 2187 384 2262 admittere,
419 2207 486 2249 non
521 2198 707 2264 contentus,
742 2196 846 2252 nunc⁰
878 2190 920 2252 de
950 2209 1039 2252 novo
1062 2187 1202 2253 Chinow
1226 2191 1366 2268 opidum
1391 2196 1540 2250 nostrum
1565 2205 1640 2249 cum

200 2293 279 2356 villis
303 2293 536 2358 adiacentibus
559 2296 679 2358 timore
695 2296 749 2358 dei
766 2300 964 2377 postposito,
990 2316 1073 2359 ausu
1090 2297 1252 2379 sacrilego
1270 2296 1440 2370 invadens,
1463 2298 1643 2358 vastaverit

199 2401 360 2464 hostiliter
384 2411 418 2462 et
440 2414 567 2464 temere
591 2423 650 2482 per
674 2405 781 2482 spolia
805 2413 839 2466 et
863 2404 1006 2482 rapinas
1034 2404 1186 2467 homines
1209 2404 1334 2467 ibidem
1357 2421 1458 2484 quam
1482 2402 1641 2480 plurimos

198 2508 323 2571 duriter
346 2507 561 2586 vulnerando,
587 2530 649 2573 nos
672 2521 765 2574 tante
788 2514 985 2573 temeritatis
1009 2514 1166 2574 seviciam
1191 2512 1386 2592 sacrilegam
1410 2518 1443 2570 et
1466 2507 1642 2587 profanam

198 2615 404 2679 dissimulare
428 2617 638 2698 aliquatenus
662 2619 790 2700 absque
814 2621 930 2682 salutis
954 2627 987 2679 et
1012 2619 1148 2682 honoris
1165 2611 1386 2700 (dispendio)d
1402 2636 1470 2678 non
1487 2615 1642 2686 valentes,

198 2723 395 2786 discrecioni
419 2737 526 2787 vestre
551 2725 750 2788 mandamus
774 2729 807 2788 in
824 2727 941 2788 virtute
959 2723 1155 2788 obediencie
1172 2736 1206 2788 et
1222 2727 1283 2787 sub
1301 2743 1387 2802 pena
1408 2721 1640 2784 excomunica·

198 2831 299 2892 cionis
323 2829 461 2892 firmiter
485 2841 519 2892 et
541 2851 711 2912 expresse,
735 2843 909 2912 quatenus,
934 2852 1009 2895 cum
1034 2835 1134 2895 etiam
1159 2833 1279 2895 nobilis
1301 2832 1390 2894 idern
1414 2829 1641 2910 quamplures

198 2937 365 3017 ecclesias,
396 2939 430 2999 in
464 2939 585 3018 quibus
609 2941 680 3018 ipse
705 2941 755 3002 ius
779 2949 977 3018 patronatus
1001 2939 1138 3014 obtinet,
1173 2937 1380 3000 incastellare
1403 2937 1643 3016 presumpserit

198 3053 313 3106 contra
345 3045 530 3107 sinodalem
564 3046 835 3109 constitutionem
871 3054 1019 3110 nostram
1052 3055 1086 3108 et
1117 3045 1199 3108 alias
1230 3045 1408 3106 canonicas
1440 3043 1642 3116 sancciones‚

197 3151 323 3212 tamdiu
347 3151 531 3230 quamlibet
555 3153 733 3216 ecclesiam
756 3155 788 3216 in
806 3154 902 3216 bonis
919 3154 1022 3234 ipsius
1038 3157 1138 3216 sitam
1155 3154 1326 3216 subicietis
1343 3161 1376 3213 et
1391 3151 1497 3213 subici
1515 3149 1643 3212 faciatis

198 3276 254 3338 per
278 3258 429 3320 decanos
453 3269 581 3322 vestros
605 3260 829 3324 ecclesiastico
853 3261 1038 3338 interdicto,
1063 3263 1109 3324 ita
1133 3261 1225 3342 quod
1250 3261 1376 3322 ibidem
1393 3273 1503 3338 preter
1519 3257 1641 3335 baptis·

199 3375 285 3426 mata
309 3366 522 3444 parvulorum
546 3376 580 3430 et
604 3369 819 3430 moriencium
844 3371 1050 3448 penitencias
1074 3367 1162 3430 nulla
1183 3377 1402 3430 exerceantur
1419 3365 1642 3429 ecclesiastica

198 3482 419 3548 sacramenta,
444 3493 506 3536 nec
530 3474 717 3556 aliquorum
742 3487 949 3538 mortuorum
966 3495 1109 3555 corpora
1125 3475 1338 3547 tumulentur,
1362 3477 1525 3536 universis
1542 3471 1643 3552 ipsius

200 3579 388 3643 hominibus
412 3591 445 3643 et
469 3601 585 3644 eorum
609 3580 742 3644 familiis
766 3583 865 3644 etiam
890 3585 922 3644 in
948 3583 1018 3644 aliis
1042 3582 1191 3645 ecclesiis
1215 3583 1372 3644 omnibus
1396 3589 1429 3642 et
1445 3578 1588 3661 singulis,
1611 3579 1642 3638 in

198 3697 307 3749 vestro
340 3688 627 3766 archidyaconatu
644 3738 674 3751 ..
702 3691 897 3764 constitutis,
934 3692 1069 3753 remotis
1100 3690 1247 3753 totaliter
1279 3709 1297 3750 a
1330 3689 1440 3750 divino
1472 3684 1584 3747 officio
1609 3695 1642 3745 et

199 3791 327 3870 prelata
351 3795 577 3860 ecclesiastica
602 3797 780 3877 sepultura,
805 3796 913 3860 donec
938 3797 1028 3860 aliud
1052 3818 1071 3858 a
1095 3799 1192 3860 nobis
1212 3796 1402 3874 receperitis
1419 3795 1449 3854 in
1467 3791 1640 3855 mandatis.

199 3901 463 3964 contradictores
498 3905 541 3966 ad
577 3903 609 3966 id
641 3905 807 3985 quoslibet
841 3916 875 3967 et
907 3904 1047 3967 rebelles
1078 3924 1138 3982 per
1172 3921 1347 3966 censuram
1382 3900 1640 3963 ecclesiasticam

198 4009 304 4072 taliter
327 4009 574 4089 compellendo,
608 4012 699 4092 quod
724 4020 832 4074 vestre
856 4012 1054 4075 obediencie
1075 4015 1229 4074 meritum
1263 4010 1383 4072 favoris
1418 4009 1521 4070 nostri
1551 4007 1641 4069 beni·

201 4114 363 4178 volencia⁶
386 4119 584 4196 propensius
601 4119 792 4196 attolamus,
816 4119 959 4200 alioquin
984 4118 1147 4200 prefatam
1171 4117 1498 4181 excomunicacionis
1522 4133 1642 4193 penam

199 4243 255 4286 vos
277 4225 353 4303 ipso
377 4223 467 4286 lacto
491 4227 647 4288 noveritis
672 4228 871 4290 incursuros.

305 4415 364 4469 Fol.
386 4421 418 4470 13
439 4415 462 4470 ἐ.
482 4419 526 4481 89,
545 4418 590 4472 tei
609 4434 627 4470 v
646 4419 785 4487 rukopise
805 4419 934 4486 kapituly
954 4419 1077 4472 Praiske
1091 4419 1105 4487 J
1119 4417 1165 4474 40b
1185 4417 1231 4472 sol.
1252 4423 1312 4470 251.
1342 4415 1367 4470 Ο
1387 4415 1640 4485 chronologickem

199 4505 297 4558 urceni
316 4521 333 4558 a
353 4506 492 4560 dosazeni
510 4509 606 4573 jrnena
624 4507 811 4562 Hroanatova
831 4523 909 4562 srov.
928 4510 1005 4562 uvod
1025 4509 1049 4561 11
1069 4517 1092 4561 ⁴.

203 5059 412 5074 n-—-——n-—

201 5169 206 5184 .
304 5130 333 5198 a)
351 5130 403 5198 ‚Jo‘
424 5129 502 5200 Prag.
522 5129 685 5198 episcopus‘
706 5131 777 5198 Kap.
790 5129 811 5197 J.
828 5159 854 5168 —
874 5131 904 5198 b)
924 5129 964 5191 ,C.
979 5131 1184 5184 archidiacono
1204 5169 1209 5182 .
1230 5135 1245 5182 .‘
1267 5129 1339 5196 Kap.
1350 5129 1373 5196 J.
1388 5159 1414 5167 -
1431 5128 1458 5196 c)
1473 5127 1544 5186 ,nec‘
1557 5128 1597 5180 In.
1610 5156 1642 5164 -

198 5221 227 5287 d)
249 5218 271 5270 V
292 5219 332 5273 ln.
351 5219 457 5283 schazi,
477 5220 651 5279 ,commodo¹
671 5221 743 5288 Kap.
757 5219 779 5288 J.
801 5249 832 5259 -
853 5218 880 5288 e)
900 5220 1146 5280 ,benivolenciam‘
1165 5219 1213 5285 ln,
1233 5218 1448 5282 ,benivolencia‘
1469 5217 1540 5284 Kap.
1552 5215 1573 5283 J.
