3988 5844
881 635 956 698 209.

199 777 320 858 Biskup
349 777 378 840 T
375 777 464 839 obius
487 780 599 857 opimi
612 779 784 859 poturauje
801 780 862 860 pri
872 777 1022 861 Jukdmsi
1042 777 1161 840 kostele
1184 780 1268 842 dvou
1291 781 1436 840 mlltlami
1455 777 1638 859 pradsky‘clz

546 884 678 965 surcido,
699 887 774 963 send
791 888 1000 965 potvrzovaci
1021 885 1136 947 listina
1160 887 1280 948 ztratz'l.

1250 1041 1531 1128 (rare-rama).

330 1186 521 1266 Episcopus
534 1190 767 1266 presbyterum
781 1190 871 1268 prius
885 1189 1118 1251 confirmatum
1132 1189 1175 1251 ad
1193 1190 1368 1252 ecclesiam
1387 1190 1505 1251 iterum

330 1295 373 1357 ad
399 1296 602 1373 peticionem
626 1306 845 1376 patronorum
870 1307 904 1357 et
926 1298 1155 1359 testimonium
1181 1315 1282 1375 super
1306 1297 1380 1371 hoc,
1414 1296 1505 1376 quod

390 1402 462 1480 ipse
486 1402 597 1466 literas
621 1403 769 1483 perdidit
794 1403 1094 1478 confirmacionis⁸,
1118 1404 1237 1465 iterum
1262 1403 1447 1466 confirmat.

304 1544 376 1608 Nds
401 1541 597 1627 Th(0bias)b
621 1547 674 1608 dei
705 1547 815 1631 gracia
847 1555 920 1624 etc,
951 1556 1068 1609 notum
1100 1567 1174 1610 esse
1200 1547 1352 1608 volumus
1385 1547 1544 1608 universis
1569 1555 1641 1620 etc,

197 1651 297 1732 quod,
323 1651 398 1714 licet
416 1653 566 1716 nondum
582 1653 746 1716 exciderit
761 1675 779 1716 a
797 1662 912 1716 nostra
929 1654 1098 1731 memoria,
1122 1654 1214 1735 quod
1232 1653 1392 1716 honestus
1409 1655 1456 1714 vir
1474 1701 1480 1714 .
1499 1698 1506 1711 .
1531 1661 1642 1715 rector

199 1757 335 1820 ecclesie
360 1759 461 1836 de..,
496 1760 665 1822 exhibitor
690 1765 908 1840 presencium,
939 1761 1115 1823 ecclesiam
1147 1761 1253 1839 ipsam
1285 1779 1363 1822 cum
1387 1761 1542 1823 omnibus
1573 1764 1642 1823 suis

199 1867 407 1944 pertinenciis
431 1867 496 1928 iarn
521 1867 649 1928 dudum
666 1887 726 1947 per
742 1887 804 1930 nos
821 1869 926 1931 modo
943 1871 1107 1930 canonico
1125 1868 1249 1929 habeat
1265 1867 1505 1940 confirmatam,
1532 1875 1642 1929 rector

198 1972 229 2034 in
259 1993 299 2034 ea
336 1976 506 2036 institutus
546 1973 725 2057 legittimus
762 1985 812 2037 et·
834 1976 1005 2052 plebanus,
1044 1985 1144 2055 prout
1175 1979 1208 2037 in
1240 1975 1341 2037 literis
1374 1975 1643 2037 confirmacionis

199 2099 297 2158 super
322 2079 386 2142 hoc
411 2081 472 2144 sibi
498 2082 593 2157 datis,
625 2101 708 2163 quas
740 2086 812 2160 ipse
845 2103 864 2144 a
897 2101 977 2144 casu
1009 2080 1147 2144 fortuito
1180 2081 1378 2162 deperdidit,
1410 2083 1644 2144 continebatur

199 2190 359 2248 veraciter
392 2198 425 2250 et
455 2207 625 2270 expresse,
659 2199 889 2252 verumtamen
925 2191 1002 2269 quia
1021 2237 1053 2252 ..
1085 2201 1166 2252 et..
1203 2191 1290 2250 cives
1325 2189 1519 2272 Pragenses,
1555 2208 1642 2251 nunc

200 2295 281 2372 ipsic
305 2295 374 2356 duo
399 2296 466 2357 veri
491 2299 622 2375 patroni
646 2297 739 2359 de..
765 2297 905 2359 ecclesie
937 2299 1004 2358 iarn
1036 2298 1195 2375 predicte,
1227 2289 1438 2358 eundern..d
1463 2296 1642 2373 plebanum

199 2420 283 2462 nunc
308 2401 352 2463 de
377 2421 465 2464 novo
490 2402 533 2465 ad
557 2404 700 2466 eandem
725 2404 903 2466 ecclesiam
927 2403 1147 2484 personaliter
1172 2415 1365 2483 presentare
1390 2413 1556 2478 curarunt,
1582 2423 1643 2464 nos

197 2507 306 2570 eidem
331 2507 485 2587 plebano,
511 2531 552 2572 ne
577 2514 636 2584 ius,
669 2511 759 2592 quod
785 2515 816 2574 ei
848 2532 892 2573 ex
923 2510 1186 2573 confirmacione
1221 2509 1385 2590 prohibita
1416 2511 1643 2589 competebat,

200 2625 333 2694 propter
357 2616 470 2680 literas
494 2618 762 2680 confirmacionis
787 2621 892 2698 ipsius
917 2619 1110 2697 deperditas
1134 2628 1248 2698 posset
1279 2621 1311 2679 in
1343 2617 1455 2698 aliquo
1479 2616 1644 2693 vacillare,

200 2721 357 2799 volentes,
381 2735 482 2805 prout
508 2725 550 2788 ad
574 2735 725 2788 nostrum
757 2735 890 2806 spectat
922 2724 1076 2802 officium,
1110 2725 1295 2806 providere,
1327 2727 1434 2803 ipsam
1467 2725 1528 2787 sibi
1553 2725 1642 2786 de..

197 2829 375 2892 ecclesiam
399 2848 476 2892 cum
509 2834 671 2895 universis
703 2833 769 2895 suis
801 2833 1014 2912 pertinenciis
1046 2831 1088 2894 ad
1122 2829 1288 2894 cautelam
1318 2831 1576 2908 habundantem,
1608 2839 1644 2892 ut

200 2935 327 2999 malicia
359 2937 533 3000 hominum
564 2959 796 3019 perversorum
829 2944 914 3003 iuste
947 2953 980 3002 et
1012 2939 1259 3002 racionabiliter
1284 2939 1490 3017 reprimatur,
1524 2941 1643 3001 iterato

197 3043 358 3106 duximus
383 3044 656 3122 confirmandam,
680 3047 976 3111 confirmacionem
1001 3048 1060 3110 sibi
1086 3045 1256 3128 prefatam,
1280 3065 1381 3127 quam
1406 3048 1478 3126 ipse
1503 3067 1521 3107 a
1546 3045 1643 3108 nobis

200 3153 287 3228 prius
312 3163 488 3232 receperat
510 3163 627 3216 tenore
653 3157 863 3234 presencium
888 3155 1094 3218 innovantes.
1121 3155 1156 3217 ln
1182 3154 1275 3216 cuius
1299 3163 1361 3216 etc.
1386 3153 1511 3215 Datum
1536 3162 1597 3216 etc.

306 3309 367 3364 Fol.
387 3311 432 3362 3⁴¹
457 3309 480 3365 ὅ.
500 3315 560 3374 209,
589 3311 635 3364 tel
661 3327 678 3362 v
697 3311 740 3364 rlr.
766 3311 896 3380 kapituly
920 3311 1046 3365 Prazske
1070 3309 1150 3379 1⁴0b
1169 3309 1217 3363 sol.
1242 3313 1303 3364 2³6.
1337 3309 1363 3364 Ο
1389 3309 1643 3379 chronologickem

197 3399 331 3452 omezeni
349 3400 452 3452 rokem
474 3404 543 3454 1290
563 3415 638 3453 stov.
659 3399 738 3454 rivod
759 3398 784 3452 Il
804 3405 828 3453 3.

887 3687 961 3752 210.

199 3829 323 3913 Biskup
364 3831 394 3894 T
390 3830 481 3893 obicit
518 3831 670 3910 obnovuje
706 3831 989 3912 ncjmenovanlmu
1019 3831 1219 3914 potkozenou
1257 3829 1372 3893 listinu
1400 3831 1573 3910 poturaeni
1603 3849 1645 3891 aa

856 3939 987 4020 sarcire.

1254 4041 1537 4124 (1279-12902).

332 4206 522 4288 Episcopus
546 4205 661 4268 videns
686 4215 821 4284 ruptum
844 4204 985 4288 sigillum
1011 4205 1103 4266 litere
1127 4201 1407 4277 confirmacionis,
1433 4201 1511 4264 lacit

728 4315 792 4376 sibi
816 4313 963 4376 innovari
987 4313 1115 4374 iterato.

307 4454 379 4520 Nos
403 4451 597 4536 '.lb(obias)e
621 4465 682 4517 etc.
707 4467 822 4518 notum
841 4474 914 4518 esse
931 4454 1086 4518 volumus
1101 4453 1262 4515 universis
1278 4460 1351 4526 etc,
1375 4451 1466 4532 quod
1484 4451 1646 4515 honestus

198 4557 310 4624 vir..s
353 4563 517 4642 plebanus
546 4562 587 4625 de
606 4611 636 4623 ..
666 4563 764 4624 nobis
796 4562 964 4625 humiliter
995 4560 1160 4640 suplicare
1191 4560 1326 4636 curavit,
1357 4559 1582 4621 institucionis
1613 4569 1647 4622 et

198 4669 469 4732 confirmacionis
492 4688 553 4731 sue
577 4669 691 4732 literas
714 4669 747 4730 in
772 4669 891 4730 eadem
916 4668 1058 4731 ecclesia
1089 4687 1150 4748 per
1180 4685 1242 4730 nos
1273 4667 1335 4730 sibi
1368 4666 1472 4742 datas,
1504 4687 1646 4748 quarum

199 4776 343 4859 sigillum
374 4777 438 4840 hiis
470 4795 664 4858 guerrarum
695 4763 904 4856 temporibus
935 4796 955 4838 a
986 4794 1067 4837 casu
1098 4773 1237 4838 fortuito
1269 4775 1362 4856 quasi
1385 4774 1531 4836 totaliter
1556 4795 1645 4837 com-

199 4902 352 4963 pressum
376 4893 410 4946 et
434 4881 643 4946 conlractum
667 4881 782 4958 fuerat,
808 4883 1081 4959 demonstrando,
1114 4891 1151 4944 ut
1173 4901 1236 4944 nos
1259 4881 1289 4943 ei
1314 4881 1356 4943 de
1380 4879 1478 4942 solita
1502 4883 1647 4960 paterni-

197 4993 278 5054 tatis
301 4999 415 5054 nostre
440 4990 623 5053 clemencia
646 4991 822 5070 providere
847 5008 948 5069 super
965 4990 1030 5052 hoc
1046 4989 1303 5052 misericorditer
1327 4987 1548 5069 dignaremur.
1574 4988 1646 5052 Nos

307 5181 335 5250 a)
354 5181 584 5251 ,confirmatoris⁸
614 5183 652 5237 ln.
679 5213 711 5222 -
738 5183 768 5251 b)
794 5181 954 5246 ,lohannes‘
984 5181 1057 5250 Kap.
1083 5181 1106 5251 J.
1136 5211 1169 5220 -
1195 5185 1222 5248 c)
1248 5165 1302 5243 ,cm
1331 5181 1393 5248 ipsi‘
1422 5180 1462 5234 ln.
1492 5209 1524 5219 -
1554 5183 1584 5250 d)
1605 5180 1646 5246 ,C¹

200 5270 272 5340 Kap.
290 5270 313 5340 J.
335 5301 367 5310 -
388 5271 415 5341 e)
435 5271 495 5341 ,Jo‘
515 5273 587 5342 Kap.
597 5272 621 5341 J.
641 5301 675 5311 -
694 5271 717 5339 i)
737 5270 778 5335 ,O
798 5271 871 5340 Kap.
883 5272 906 5342 J.

1488 5375 1539 5429 11*
