4008 5846
957 389 971 434 7

946 601 977 663 9.

234 759 481 842 Neyinenovanyl
503 760 592 822 udilz'
610 759 770 841 adpustky
791 761 934 838 alliena,
950 758 1032 822 kteti
1049 759 1186 841 piisplji
1208 757 1366 841 koprave'
1377 757 1538 820 kierlhosi
1552 757 1657 821 kostel
1677 807 1683 821 .

1260 953 1365 1034 (1279
1378 989 1420 998 —
1441 951 1575 1035 129022).

597 1064 722 1126 Littera
748 1063 967 1147 indulgencie.

345 1223 517 1288 Universis
541 1222 662 1288 Christi
695 1225 857 1298 fidelibus.
891 1225 934 1287 ad
959 1244 1045 1306 quos
1073 1243 1210 1307 presens
1234 1227 1394 1303 scriptum
1427 1221 1621 1301 pervenerit,
1652 1224 1684 1284 in

235 1335 342 1396 verbo
368 1332 504 1396 salutari
528 1333 678 1395 salutem.
703 1331 788 1396 Cum
821 1341 1012 1395 eternorum
1037 1335 1158 1395 intuitu
1190 1351 1231 1394 ea
1255 1333 1420 1394 seminare
1444 1331 1628 1392 debeamus
1652 1331 1684 1390 in

234 1443 342 1514 terris,
367 1459 433 1522 que
458 1439 620 1502 reddente
644 1440 784 1502 domino
809 1459 886 1502 curn
911 1439 1019 1502 fructu
1044 1439 1218 1520 multiplici
1251 1440 1344 1502 iuxta
1378 1438 1505 1500 dictum
1537 1435 1684 1515 apostoli

236 1546 432 1626 recolligere
454 1547 626 1608 valeamus
658 1548 691 1608 in
715 1547 804 1623 celis,
832 1549 1081 1609 universitatem
1114 1556 1256 1609 vestram
1289 1565 1446 1629 rogamus
1478 1553 1512 1605 et
1536 1553 1685 1605 ortamur

235 1663 374 1728 attente,
398 1654 680 1717 inremissionem
705 1663 889 1716 vestrorum
915 1656 1011 1718 vobis
1035 1659 1267 1735 peccaminum
1285 1657 1503 1734 iniungentes,
1520 1659 1683 1732 quatenus

233 1762 278 1824 ad
303 1781 390 1842 opus
415 1761 555 1824 ecclesie
580 1761 656 1824 talis
682 1762 837 1838 dyocesis
869 1771 903 1822 et
927 1761 1000 1839 alia,
1033 1765 1067 1824 in
1091 1763 1211 1843 quibus
1235 1761 1378 1824 ecclesia
1409 1761 1481 1837 ipsa
1513 1756 1683 1820 defectum

234 1869 361 1950 patitur
393 1877 427 1930 et
451 1869 579 1947 indiget
607 1866 788 1942 reformari,
821 1869 864 1931 de
897 1870 994 1931 bonis
1026 1889 1045 1931 a
1078 1869 1144 1931 deo
1167 1871 1264 1932 vobis
1296 1867 1426 1930 collatis
1461 1885 1520 1946 per
1555 1873 1682 1926 vestras

233 1979 307 2056 pias
332 1977 533 2038 elemosinas
566 1985 600 2038 et
623 1976 687 2038 alia
711 1977 856 2038 caritatis
888 1976 1039 2039 subsidia
1063 1996 1199 2038 manum
1235 1973 1452 2054 porrexeritis
1487 1972 1683 2035 adiutricem

234 2080 337 2166 (sic),
363 2084 424 2146 XL
449 2085 521 2147 dies
545 2084 588 2146 de
611 2085 757 2147 iniuncta
781 2085 876 2146 vobis
900 2084 1087 2163 penitencia
1111 2083 1370 2146 misericorditer
1394 2081 1592 2143 relaxamus.

342 2258 447 2312 Fot1¹
473 2259 498 2313 d.
517 2266 542 2323 9,
567 2259 613 2312 tei
639 2261 717 2312 vrit.
745 2260 875 2329 kapituly
901 2257 1025 2312 Praislre
1057 2259 1083 2311 K
1109 2263 1143 2312 33
1175 2257 1223 2312 iol.
1250 2261 1301 2310 118
1330 2256 1439 2323 (Emler
1466 2255 1523 2308 RB.
1542 2253 1567 2307 11
1593 2250 1682 2320 25⁴8),

234 2365 252 2400 v
272 2348 494 2402 mnichovslrem
521 2348 562 2400 rk.
589 2347 637 2400 sol.
666 2349 726 2400 128¹
745 2347 769 2401 ἄ.
792 2351 832 2402 78.
852 2364 869 2401 a
888 2364 907 2400 v
927 2350 967 2401 rk.
988 2349 1118 2418 kapituly
1143 2348 1266 2402 Pralske
1284 2348 1298 2416 J
1318 2343 1364 2399 40⁵
1384 2344 1431 2398 lol.
1450 2349 1510 2399 228.
1549 2341 1683 2412 Nejspsse

232 2438 290 2506 iest
308 2445 341 2490 to
358 2437 446 2507 jedna
466 2453 480 2489 z
500 2437 586 2502 listin,
605 2439 682 2506 jimii
702 2454 738 2492 na
757 2438 859 2492 iadost
878 2439 1004 2505 biskupa
1023 2437 1158 2500 Tobiase,
1178 2437 1301 2504 nektery
1321 2453 1335 2488 z
1356 2434 1446 2488 cizich
1466 2427 1593 2499 biskupii
1613 2430 1684 2484 udili

233 2526 392 2594 odpustky.
430 2524 732 2598 Ochronologickem
751 2527 1000 2580 omezenirokem
1022 2531 1185 2582 1290srov.
1205 2525 1283 2580 duod
1303 2524 1372 2578 11³.
1409 2523 1486 2577 Text
1504 2523 1566 2575 teto
1586 2520 1682 2590 listiny

231 2616 261 2683 je
280 2617 321 2668 ku
342 2615 429 2668 konci
447 2616 573 2682 porusen
593 2617 735 2670 eratenim
755 2617 833 2670 dvou
852 2616 908 2669 vet.
937 2616 974 2669 Za
993 2618 1104 2670 slovem
1124 2615 1272 2678 ,subsidia‘
1291 2614 1388 2668 schazi
1407 2613 1499 2682 vyrok
1519 2611 1626 2680 zavisly
1645 2625 1682 2663 na

233 2710 398 2772 ,quatenus‘
418 2705 460 2757 asi
479 2706 624 2774 ,erogetis‘
644 2707 701 2760 neb
720 2706 787 2774 pod.
827 2705 1001 2777 Ndsledujici
1021 2705 1141 2774 periodd
1160 2705 1258 2759 schazi
1277 2704 1404 2758 aadatelr.

937 2993 985 3055 10.

235 3153 358 3234 Biskup
388 3153 418 3216 T
413 3152 504 3216 abidi
534 3155 740 3236 zabeapeduje
762 3175 806 3216 na
830 3155 946 3218 dddost
970 3154 1110 3218 Va'clava
1135 3155 1178 3216 H.
1194 3155 1340 3238 Jine'nem
1367 3153 1534 3232 kralovy‘m
1557 3152 1571 3214 i
1592 3157 1681 3232 svylm

232 3261 390 3324 ve‘vodovz'
410 3261 575 3324 Mikuldti
603 3260 805 3342 Opavske'mu
829 3262 1010 3325 svobodnou
1033 3271 1119 3325 cestu
1143 3263 1184 3324 do
1208 3261 1318 3343 Prahy
1341 3259 1384 3324 ku
1407 3259 1494 3322 kra'li
1516 3263 1532 3320 i
1552 3259 1678 3322 ndvrat.

1079 3387 1749 3640 lewa

431 3669 621 3750 Episcopus
646 3671 705 3732 dat
728 3673 941 3733 securitatem
966 3671 1098 3732 cuidam
1123 3681 1286 3748 exparte
1311 3673 1406 3752 regis.

342 3849 414 3913 Nos
446 3849 613 3913 Thobias²
640 3850 693 3912 dei
725 3854 837 3932 gracia
869 3851 1044 3932 Pragensis
1075 3853 1256 3931 episcopus
1288 3861 1403 3912 notum
1429 3869 1502 3912 esse
1527 3847 1679 3910 volumus

234 3959 396 4020 universis
428 3969 601 4036 presentes
634 3958 760 4020 litteras
793 3959 998 4037 inspecturis,
1030 3958 1121 4037 quod
1155 3978 1216 4020 nos
1248 3957 1290 4018 ad
1324 3957 1521 4019 instanciam
1552 3956 1679 4017 domini

233 4065 335 4127 nostri
361 4063 565 4142 Wencezlay
589 4065 691 4128 incliti
718 4065 854 4127 Boemie
878 4067 963 4147 regis
987 4074 1021 4128 et
1045 4065 1246 4128 marchionis
1272 4063 1424 4126 llllorauie
1455 4065 1593 4126 domino
1621 4063 1677 4124 Ni·

233 4167 347 4234 colaob
371 4169 477 4233 fratrie
500 4192 561 4234 suo
587 4192 664 4234 cum
688 4175 778 4234 omni
796 4173 984 4234 commitiva
1008 4193 1069 4236 sua
1085 4171 1268 4235 accedendi
1293 4173 1334 4234 ad
1353 4171 1547 4234 iamdictum
1572 4170 1677 4232 domi·

232 4298 313 4341 num
336 4298 450 4360 regem
473 4279 506 4341 in
531 4279 681 4362 Pragam,
705 4281 817 4343 standi
843 4280 966 4342 ibidem
992 4291 1025 4342 et
1049 4281 1091 4342 ab
1116 4298 1157 4340 eo
1183 4281 1285 4341 libere
1310 4278 1472 4341 redeundi
1496 4298 1556 4357 pro
1580 4278 1679 4340 nobis

233 4397 266 4448 et
290 4388 414 4448 nostris
438 4395 471 4448 et
495 4389 653 4467 precipue
679 4407 739 4467 pro
764 4388 886 4450 eodem
919 4407 997 4468 rege
1022 4386 1159 4448 Boemie
1183 4396 1216 4448 et
1240 4389 1307 4449 suis
1332 4386 1485 4448 fidelibus
1510 4385 1678 4460 universis,

232 4495 288 4574 qui
313 4497 341 4555 ei
367 4493 536 4570 obediunt,
561 4495 775 4557 securitatem
807 4495 990 4573 plenariam
1022 4495 1228 4568 exhibemus,
1260 4495 1348 4555 bona
1372 4493 1437 4555 fide
1462 4503 1579 4555 tenore
1603 4512 1676 4572 pre·

232 4603 382 4664 sencium
405 4604 647 4681 promittentes,
679 4601 770 4680 quod
795 4620 814 4662 a
839 4600 968 4679 prelato
993 4600 1130 4663 domino
1155 4619 1232 4682 rege
1256 4613 1289 4662 et
1313 4604 1379 4663 suis
1411 4610 1445 4662 et
1468 4622 1487 4662 a
1512 4601 1610 4662 nobis
1633 4619 1672 4661 ac

232 4707 363 4783 nostris,
386 4715 488 4787 prout
522 4709 554 4770 in
590 4709 693 4788 ipsius
728 4708 861 4776 domini,
892 4709 995 4770 nostri
1030 4708 1116 4788 regis
1146 4726 1246 4785 super
1279 4708 1399 4769 eadem
1431 4709 1609 4771 securitate
1632 4705 1675 4767 ad

232 4833 370 4894 presens
394 4816 564 4878 concessis
588 4815 702 4877 litteris
727 4815 855 4892 plenius
879 4816 1076 4888 continetur,
1102 4814 1253 4892 predicto
1270 4814 1410 4877 domino
1428 4815 1503 4877 duci
1521 4809 1676 4876 Nicolaob

232 4929 265 4982 et
298 4924 346 4984 eis
381 4923 546 4997 omnibus,
582 4924 637 5005 qui
673 4924 705 4984 in
742 4925 813 4984 eius
849 4923 1053 4984 committiva
1087 4924 1236 4984 venerint
1268 4922 1312 4984 ad
1344 4923 1532 5003 predictum
1564 4940 1675 5003 regem

232 5026 379 5104 Boemie,
403 5030 525 5092 stando
550 5049 625 5092 cum
643 5033 718 5110 ipso
742 5040 775 5091 et
800 5031 842 5092 ab
867 5050 909 5092 eo
933 5029 1125 5092 recedendo
1151 5032 1183 5091 in
1201 5033 1353 5110 personis
1377 5040 1410 5091 et
1427 5032 1526 5092 rebus
1550 5030 1674 5092 nullum

232 5163 389 5170 .-——-.-..-
407 5163 447 5168 ...-

339 5221 366 5290 ε)
384 5221 448 5286 ‚To¹
468 5221 541 5290 Kap.
560 5222 583 5292 J.
605 5250 636 5259 -
658 5221 687 5291 b)
707 5221 749 5289 ‚N‘
769 5221 839 5289 Kap.
859 5221 882 5290 J.
903 5251 935 5260 —
955 5221 982 5287 c)
1002 5221 1107 5286 ‚fratre‘
1127 5221 1166 5276 ln.
1186 5222 1194 5274 i
1214 5221 1269 5274 Mn.
1291 5221 1389 5288 ,iratri‘
1408 5238 1426 5274 v
1445 5222 1523 5275 obou
1544 5221 1615 5288 Kap.
