4008 5846
920 298 954 348 ⁴9

209 507 337 568 iudices
354 507 507 588 delegati,
521 508 674 570 discretis
690 517 724 569 et
741 509 889 571 honestis
905 511 981 572 viris
997 556 1004 570 .
1023 559 1029 570 .
1045 518 1078 570 et
1095 558 1100 569 .
1119 517 1142 570 .¹
1158 510 1307 572 eiusdem
1326 509 1498 594 Pragensis
1515 510 1656 573 ecclesie

210 615 339 674 vicariis
371 614 513 678 salutem
545 633 621 676 cum
654 616 785 678 sincero
810 615 940 678 affectu.
977 616 1144 679 Noveritis
1169 636 1230 678 nos
1255 615 1371 694 prelati
1396 618 1521 680 domini
1544 619 1656 692 nostri,

208 722 406 784 venerabilis
430 721 556 784 domini
581 716 757 804 Th(obie)b
782 723 956 805 Pragensis
972 723 1121 803 episcopi
1146 724 1341 787 mandatum
1366 733 1400 786 et
1418 724 1543 788 litteras
1566 743 1656 786 rece-

211 831 297 910 pisse
322 847 399 890 cum
425 832 615 892 reverencia
639 830 753 892 debita
778 833 809 893 in
836 832 896 893 hec
921 832 1039 893 verba:

317 967 513 1052 ThJobias)c
535 972 591 1034 dei
608 974 721 1055 gracia
737 973 911 1054 Pragensis
927 975 1107 1053 episcopus
1123 974 1377 1036 honorabilibus
1392 973 1468 1036 viris
1484 969 1536 1036 (Ἃ
1554 983 1586 1036 et
1602 973 1655 1036 W.

211 1081 386 1161 magistris,
410 1079 560 1142 eiusdem
584 1080 725 1142 ecclesie
750 1081 929 1156 canonicis,
954 1080 1097 1144 salutem
1121 1089 1154 1142 et
1177 1083 1341 1144 sinceram
1365 1082 1396 1142 in
1420 1081 1557 1144 domino
1574 1083 1658 1144 cari·

207 1195 321 1247 tatem.
346 1183 415 1248 Sua
439 1187 537 1248 nobis
562 1185 722 1250 honestus
746 1188 793 1248 vir
814 1187 968 1249 dominus
986 1186 1066 1249 Ho.e
1091 1189 1273 1250 canonicus
1290 1237 1297 1250 .
1315 1181 1336 1248 ,ἴ
1357 1187 1504 1264 ecclesie,
1528 1195 1657 1250 noster⁸

208 1305 242 1354 et
267 1293 393 1354 domini
418 1295 523 1356 nostri
547 1295 633 1375 regis
659 1294 852 1372 capellanus
877 1293 1028 1372 dilectuS,
1063 1298 1307 1375 conquestione
1338 1297 1542 1370 monstravit,
1565 1295 1657 1374 quod

210 1401 367 1480 magister
397 1395 450 1462 Rh.
475 1400 730 1464 archidiaconus
761 1402 836 1464 talis
867 1421 969 1482 super
998 1402 1146 1482 quadam
1178 1401 1318 1482 pecunie
1348 1422 1477 1465 summa
1501 1411 1534 1464 et
1558 1405 1657 1468 rebus

209 1509 280 1569 aliis
311 1508 483 1569 iniuriatur
514 1507 636 1571 eidem.
681 1508 830 1590 Ideoque
862 1509 1076 1588 providencie
1108 1518 1216 1572 vestre
1252 1509 1458 1584 mandamus,
1493 1519 1657 1592 quatenus

211 1616 361 1694 partibus
397 1616 590 1677 convocatis
623 1615 769 1678 audiatis
802 1635 937 1678 causam
967 1618 1075 1696 ipsam
1099 1627 1132 1678 et
1155 1636 1230 1678 eam
1255 1615 1319 1679 fine
1343 1617 1459 1678 debito
1483 1616 1656 1697 decidatis,

207 1721 378 1797 facientes,
404 1722 496 1802 quod
514 1721 736 1799 decreveritis,
760 1743 820 1803 per
844 1742 1019 1786 censuram
1043 1723 1305 1786 eeclesiasticam
1329 1723 1464 1786 firmiter
1479 1724 1657 1786 observari.

209 1829 329 1892 Testes
364 1838 484 1906 autem
520 1832 577 1911 qui
613 1830 774 1892 nominati
805 1827 935 1907 fuerint,
971 1833 999 1893 si
1030 1851 1065 1893 se
1097 1832 1218 1914 gracia,
1249 1831 1329 1893 odio
1361 1830 1410 1891 vel
1435 1831 1554 1892 timore
1578 1831 1655 1892 sub·

207 1939 379 2010 traxerint,
404 1956 545 2000 censura
569 1937 666 2000 simili
690 1939 818 2018 cogatis
834 1937 962 1999 veritati
977 1937 1202 2000 testimonium
1219 1937 1403 2016 perhibere.
1428 1936 1528 2017 Quod
1547 1937 1656 1998 sinon

211 2046 310 2106 ambo
336 2045 399 2105 hiis
423 2044 650 2125 exsequendis
674 2046 853 2124 potueritis
877 2045 1047 2119 interesse,
1083 2043 1165 2106 alter
1188 2054 1335 2106 vestrum
1360 2064 1399 2106 ea
1424 2044 1658 2106 nichilominus

207 2160 424 2230 exsequatur.
450 2149 574 2213 Datum
599 2153 653 2214 die
676 2151 734 2214 tali
757 2161 792 2213 et
816 2171 913 2213 anno.
940 2151 1155 2213 Pontificatus
1178 2153 1281 2213 nostri
1305 2161 1367 2214 etc.

318 2289 490 2358 Volentesi
522 2297 619 2376 igitur
652 2314 714 2357 nos
738 2293 857 2374 prelati
881 2294 984 2374 patris
1008 2305 1042 2355 et
1066 2295 1190 2358 domini
1214 2295 1320 2356 nostri
1343 2294 1539 2356 mandatum
1563 2296 1657 2357 iuxta

209 2413 362 2464 tenorem
395 2404 459 2464 iam
492 2404 680 2482 predictum
705 2421 781 2464 cum
806 2421 846 2463 ea
871 2420 937 2482 qua
962 2399 1059 2464 decet
1084 2405 1275 2464 reverencia
1307 2411 1340 2464 et
1371 2402 1570 2464 obediencia
1601 2401 1655 2463 de·

209 2521 284 2571 vota
310 2509 445 2572 effectui
470 2510 586 2572 debito
610 2509 812 2588 mancipare,
837 2507 1036 2571 discrecioni
1060 2517 1168 2570 vestre
1191 2510 1392 2572 mandamus
1408 2511 1609 2571 auctoritate
1625 2510 1658 2570 in

209 2616 272 2677 hoc
296 2636 375 2678 casu
400 2617 498 2678 nobis
521 2617 709 2690 commissa,
735 2626 901 2696 quatenus
925 2615 968 2676 ad
985 2613 1151 2694 prefatum
1168 2618 1362 2696 magistrum
1386 2610 1434 2679 R)
1452 2616 1657 2678 archidiaco-

209 2742 288 2785 num
307 2771 338 2785 ..
364 2721 585 2804 personaliter
609 2723 820 2796 accedentes,
843 2721 920 2784 visis
943 2722 1162 2802 presentibus,
1186 2721 1320 2784 indilate
1345 2724 1388 2786 ad
1413 2734 1560 2786 nostram
1581 2743 1657 2784 eum

210 2832 416 2910 presenciam
448 2833 564 2906 citetis,
600 2829 701 2893 talem
727 2831 816 2892 diem
843 2849 904 2909 pro
928 2831 1071 2890 termino
1097 2830 1323 2911 peremptorio
1346 2831 1409 2893 sibi
1433 2840 1467 2892 et
1490 2830 1600 2893 locum
1624 2831 1656 2892 in

210 2939 365 3020 Pragensi
400 2940 492 3000 curia
524 2937 666 3018 predicti
701 2937 826 3000 domini
862 2938 1014 3014 episcopi
1046 2937 1261 3018 assignantes,
1297 2945 1333 2999 ut
1363 2929 1435 3019 ipse
1467 2941 1501 3000 in
1526 2938 1600 3000 loco
1625 2947 1658 2998 et

207 3051 351 3108 termino
375 3047 441 3108 iam
466 3046 621 3126 predictis
645 3064 759 3106 coram
784 3045 882 3106 nobis
907 3053 1111 3121 compareat,
1136 3043 1278 3107 honesto
1302 3045 1371 3107 viro
1389 3041 1448 3107 H.¹‘
1463 3046 1658 3127 supradicto

210 3154 383 3232 capellano
408 3153 534 3215 domini
559 3153 707 3232 episcopi
733 3163 766 3212 et
790 3154 886 3233 regis,
912 3158 1012 3229 prout
1036 3152 1126 3212 racio
1149 3151 1228 3213 iuris
1261 3147 1425 3231 postulat,¹
1458 3152 1501 3214 ad
1526 3153 1658 3214 obiecta

210 3262 338 3342 singula
370 3280 471 3342 super
495 3261 562 3322 suis
586 3260 714 3322 iniuriis
739 3269 971 3337 responsurus,
1006 3257 1127 3332 scituri,
1158 3257 1251 3338 quod
1274 3262 1301 3320 si
1325 3259 1530 3340 negligentes
1554 3262 1656 3321 exsti·

208 3369 314 3428 teritis
337 3369 370 3428 in
395 3367 615 3448 exsequendo
639 3367 801 3428 mandato
826 3374 942 3426 nostro
968 3368 1124 3444 presenti,
1149 3365 1241 3446 quod
1265 3385 1328 3428 nos
1350 3367 1478 3428 iusticia
1502 3368 1658 3450 exigente

210 3494 310 3553 super
334 3475 400 3537 hoc
423 3475 532 3536 taliter
555 3474 731 3554 providere
756 3471 978 3550 oportebitur,
1003 3473 1094 3552 quod
1112 3472 1345 3536 inobediencia
1361 3484 1469 3536 vestra
1485 3493 1659 3537 remanere

211 3601 276 3643 non
313 3583 435 3659 poterit
471 3582 640 3660 impunita.
678 3579 802 3641 Datum
831 3576 887 3640 tali
912 3579 975 3652 die,
1001 3578 1215 3656 pontificatus
1239 3582 1342 3643 nostri
1367 3576 1455 3662 (sic)
1478 3580 1536 3642 tali
1559 3598 1656 3644 anno.

315 3772 376 3826 Fol.
396 3777 477 3828 8⁶—9
496 3773 519 3826 ἐ,
540 3779 583 3838 54,
612 3774 658 3827 tei
678 3789 694 3825 v
715 3772 855 3840 rukopise
875 3771 1004 3840 kapituly
1022 3769 1148 3825 Praiske
1166 3773 1180 3841 J
1200 3769 1247 3823 ⁴0l
1266 3771 1313 3825 lol.
1334 3773 1492 3826 277¹-278.
1531 3771 1557 3824 V
1577 3773 1656 3826 obou

209 3863 385 3932 rukopisech
411 3863 506 3916 listina
531 3869 593 3916 tato
619 3861 774 3916 rozdelena
801 3876 837 3914 na
857 3865 872 3913 3
893 3861 952 3928 dily
977 3873 1009 3913 se
1029 3860 1189 3914 zvlastnimi
1208 3862 1319 3931 napisy.
1358 3860 1384 3914 Ο
1403 3861 1657 3930 chronologickem

209 3952 338 4006 omezeni
357 3951 459 4005 rokem
479 3957 549 4004 1290
569 3967 646 4004 srov.
666 3951 745 4004 vivod
764 3951 790 4002 ll
810 3955 836 4002 3.

314 4685 342 4748 a)
362 4683 406 4750 ,N‘
426 4683 498 4750 Kap.
512 4683 533 4752 J.
554 4711 586 4722 -
607 4681 637 4748 b)
656 4683 707 4752 ,Jo‘
728 4681 800 4750 Kap.
813 4682 836 4750 J.
858 4710 891 4720 -
911 4681 938 4748 c)
957 4680 1032 4734 Pred
1052 4677 1220 4748 ‚Th(obias)¹
1240 4695 1257 4730 v
1277 4677 1318 4732 ln.
1337 4679 1457 4732 zvlastni
1484 4679 1586 4746 nadpis
1608 4679 1657 4730 mi-

206 4774 282 4826 niem
303 4773 454 4834 ,Dominus
467 4771 621 4840 episcopus
635 4771 788 4824 committit
809 4769 955 4824 iudicibus
974 4783 1100 4830 causam,
1120 4777 1151 4822 ut
1164 4768 1287 4822 citarent
1299 4773 1414 4836 partes‘.
1434 4766 1484 4836 ,Jo‘
1505 4767 1577 4834 Kap.
1589 4767 1612 4836 J.
1623 4795 1655 4804 -

206 4861 237 4932 d)
257 4860 294 4924 ,Ρ.
313 4871 343 4914 et
369 4861 412 4915 G!
432 4860 506 4929 Καρ.
519 4860 542 4930 J.
563 4889 595 4900 -
616 4861 643 4928 e)
664 4859 703 4923 ,C‘
727 4859 798 4928 Kap.
813 4858 835 4927 J.
863 4888 895 4897 —
923 4857 946 4926 f)
966 4857 1230 4926 ,wissegradensis
1250 4855 1322 4925 Kap.
1336 4857 1359 4926 J.
1382 4885 1407 4893 -
1432 4855 1461 4928 g)
1481 4857 1591 4918 ‚nostri‘
1611 4855 1660 4918 ln,

206 4957 323 5014 ,noster‘
343 4949 415 5017 Kap.
429 4951 451 5020 J.
472 4978 499 4988 -
524 4947 553 5020 h)
574 4949 626 5012 ,Vl
648 4948 719 5017 Kap.
734 4947 757 5016 J.
780 4977 811 4986 —
832 4950 852 5014 i)
874 4949 948 5002 Pied
976 4949 1125 5009 ,volentes‘
1155 4963 1172 4999 v
1200 4947 1239 5002 In.
1268 4947 1388 5000 zvltstni
1416 4945 1521 5013 nadpis
1541 4945 1659 4998 miniem

205 5040 366 5106 ,Execucio
385 5040 600 5110 delegatorum‘.
633 5069 665 5076 —
693 5037 715 5106 j)
735 5037 836 5093 Schazl
856 5055 874 5092 v
895 5037 966 5106 Kap.
981 5037 1002 5106 J.
1033 5066 1066 5076 -
1096 5035 1125 5106 k)
1145 5035 1185 5105 ,C‘
1205 5035 1277 5104 Kap.
1289 5035 1312 5104 J.
1346 5065 1374 5074 -
1405 5034 1424 5105 l)
1445 5033 1589 5103 ,postulet
1610 5033 1653 5088 ln.

206 5130 390 5198 ,expostulat‘
411 5129 483 5197 Kap.
497 5130 520 5199 J.

259 5253 281 5306 J.
293 5253 317 5294 a.
328 5253 444 5296 voven:
460 5253 578 5296 sormunt
588 5252 686 5303 biskupa
697 5251 799 5294 rosisse
821 5249 962 5302 succhyna.
1534 5238 1549 5281 ⁴
