4008 5846
891 422 907 470 5

176 657 212 698 se
234 637 389 698 noverint
425 638 624 698 incursuros.
671 633 704 698 Si
740 654 820 698 vero
852 633 978 710 decani,
1010 633 1144 712 plebani
1176 643 1209 696 et
1241 633 1445 712 viceplebani
1481 633 1621 713 predicti

177 743 371 806 mandatum
396 752 547 806 nostrum
572 742 761 805 huiusmodi
785 742 963 805 liberaliter
976 742 1096 805 luerint
1119 743 1296 822 prosecuti,
1313 741 1420 821 primo
1445 749 1479 802 et
1502 741 1621 818 princi·

178 853 293 932 paliter
325 851 537 933 indulgencie
569 853 723 928 superius
754 852 926 913 nominate
957 850 1069 912 effecti
1101 849 1288 928 participes,
1322 868 1383 910 nos
1417 849 1450 910 in
1485 849 1553 910 suis
1588 857 1621 910 et

177 977 316 1020 suorum
339 958 480 1040 agendis
504 957 676 1018 habebunt
699 976 767 1018 non
791 957 945 1019 inmerito
970 959 1209 1036 prompciores.
1235 955 1376 1017 Datum³
1401 955 1506 1036 Prage
1530 974 1618 1018 anno

178 1065 302 1126 domini
337 1077 412 1138 etc,
436 1063 467 1124 X
492 1064 664 1126 Kalendas
696 1062 845 1145 Augusti,
878 1062 1091 1142 pontificatus
1115 1063 1220 1124 nostri
1242 1082 1333 1124 anno
1358 1081 1460 1138 nono,
1485 1062 1619 1124 indicci-

176 1177 249 1234 onls
273 1172 532 1252 quintedecime.

284 1329 347 1382 Fol.
375 1333 398 1381 1·
425 1329 449 1382 ἐ.
469 1331 493 1391 6,
519 1327 564 1380 tei
590 1344 608 1378 v
627 1329 669 1380 rk.
694 1328 825 1396 kapituly
851 1327 973 1381 Praiske
1000 1326 1026 1378 K
1050 1331 1085 1380 33
1110 1326 1126 1380 l.
1147 1329 1198 1380 118
1224 1325 1334 1391 (Emler
1353 1327 1408 1380 RB.
1429 1325 1453 1379 ll
1479 1325 1503 1380 ἑ.
1530 1326 1621 1391 2529),

175 1433 193 1469 v
211 1419 433 1471 mnichovskem
459 1419 501 1470 rk.
522 1415 568 1470 sol.
589 1417 650 1470 127⁴
670 1417 693 1470 ὁ.
715 1423 783 1471 71a
810 1419 888 1470 vrk.
914 1416 1043 1484 kapituly
1068 1415 1193 1469 Praiske
1218 1415 1232 1483 J
1258 1414 1304 1468 40b
1324 1415 1371 1468 fol.
1391 1418 1451 1468 231‘
1477 1401 1514 1468 Ze
1534 1414 1623 1484 vyda·

177 1509 300 1562 vatelem
320 1507 425 1560 tohoto
445 1505 583 1560 mandatu
601 1507 659 1574 Jest
677 1506 784 1574 biskup
803 1505 921 1566 Tonas,
941 1505 1084 1574 dokazuje
1103 1507 1187 1574 nejen
1208 1505 1384 1568 sousedstvl,
1404 1519 1439 1558 ve
1460 1507 1570 1558 kterem
1590 1519 1622 1557 se

177 1597 282 1660 naleza,
310 1598 356 1649 ale
380 1597 388 1649 i
417 1597 533 1660 ,Datum
554 1595 643 1665 Frage
663 1636 669 1649 .
689 1637 695 1651 .
716 1635 721 1646 .
741 1595 928 1664 pontificatus
953 1595 1044 1648 nostri
1066 1610 1169 1648 anno.
1191 1597 1240 1648 ..¹
1279 1593 1410 1662 Neispise
1436 1595 1570 1663 vatahuje
1589 1608 1621 1646 se

175 1693 255 1739 tento
276 1688 383 1740 rozkaz
404 1687 422 1738 l<
442 1685 627 1753 predeslsmu
646 1686 722 1747 listu,
743 1685 843 1738 demun
863 1684 1039 1754 nasvddduje
1057 1684 1094 1751 jn
1114 1683 1218 1751 nadpis
1238 1684 1382 1752 ‚addicio‘.

957 1895 988 1946 4!

890 1922 918 1982 7.

174 2064 297 2143 Biskup
328 2063 443 2127 Tobids'
466 2063 551 2126 indat
574 2064 676 2126 aurici
698 2084 715 2124 0
734 2061 909 2144 pr'r'splvky
932 2082 975 2122 na
999 2062 1227 2124 unovunfr'aenl
1257 2061 1370 2123 olrnlm
1396 2059 1618 2142 polkozene'lro

432 2171 555 2234 kostela
577 2191 624 2234 sv.
650 2171 747 2233 Petra
771 2190 791 2232 v
815 2169 1002 2232 Naderadcr'
1021 2190 1042 2230 a
1066 2167 1182 2250 slibuje
1205 2166 1369 2250 odpustky.

1029 2365 1060 2427 V
1079 2365 1192 2438 Prone,
1218 2363 1306 2427 1287
1328 2363 1439 2426 karsten
1461 2363 1514 2426 20.

551 2511 677 2572 Littera
701 2511 998 2592 indulgenciarum.

283 2649 482 2738 Th(obias)b
505 2653 559 2715 dei
583 2654 695 2737 gracia
720 2653 892 2736 Pragensis
917 2655 1097 2734 episcopus
1129 2654 1290 2714 universis
1323 2649 1444 2714 Christi
1467 2650 1621 2714 fidelibus

175 2783 234 2843 per
259 2763 462 2844 Pragensem
487 2763 652 2824 civitatem
677 2772 710 2823 et
733 2761 905 2838 dyocesim
930 2761 1120 2823 constitutis
1146 2759 1287 2822 salutem
1309 2759 1340 2820 in
1365 2758 1504 2821 domino
1537 2778 1622 2820 sem·

175 2875 353 2952 piternam.
379 2869 463 2933 Cum
487 2867 629 2930 ecclesia
654 2867 870 2947 parrochialis
894 2870 1001 2930 sancti
1025 2868 1112 2929 Petri
1155 2866 1312 2946 principis
1336 2865 1565 2945 apostolorum
1591 2867 1623 2928 in

176 2969 372 3040 Nacerachd
386 2971 410 3058 ¹)
435 2970 556 3058 (tectis,
580 2973 791 3058 campanis),‘
808 2975 906 3052 libris,
923 2974 1081 3038 calicibus
1098 2985 1131 3036 et
1148 2973 1212 3036 alio
1229 2992 1363 3054 quoque
1380 2982 1499 3035 ornatu
1517 2971 1622 3034 eccle·

176 3086 310 3147 siastico
336 3105 375 3146 ac
399 3085 499 3145 rebus
532 3083 604 3144 aliis
628 3085 670 3146 sit
701 3104 721 3143 a
746 3101 824 3144 casu
857 3082 993 3144 fortuito
1031 3101 1092 3161 per
1123 3081 1207 3163 ignis
1246 3081 1435 3143 incendium
1467 3057 1627 3142 totaliter‘

177 3194 346 3266 destituta,
371 3191 618 3252 universitatem
643 3199 788 3252 vestram
805 3208 960 3270 rogamus
977 3199 1011 3250 et
1028 3199 1179 3250 ortamur
1194 3197 1327 3262 attente,
1344 3191 1377 3250 in
1394 3186 1622 3248 remissionem

176 3301 271 3362 vobis
295 3308 479 3361 vestrorum
505 3299 736 3377 peccaminum
759 3297 976 3377 iniungentes‚
1006 3305 1173 3376 quatenus
1205 3295 1247 3357 ad
1280 3291 1557 3357 reformacionem
1590 3301 1624 3355 et

176 3407 456 3469 instauracionem
489 3407 639 3467 omnium
670 3404 897 3484 predictorum
941 3404 972 3465 in
1009 3403 1152 3466 ecclesia
1183 3403 1335 3481 superius
1372 3401 1543 3463 nominata
1578 3400 1621 3462 de

177 3515 274 3576 bonis
299 3535 319 3575 a
345 3513 411 3575 deo
435 3513 530 3574 vobis
553 3511 683 3574 collatis
699 3521 826 3574 vestras
843 3513 916 3590 pias
932 3511 1132 3572 elemosinas
1156 3518 1189 3571 et
1206 3508 1269 3571 alia
1294 3510 1416 3570 curetis
1440 3507 1621 3586 inspirante

176 3622 315 3684 domino
340 3620 499 3683 exhibere
524 3619 673 3682 subsidia
696 3619 851 3680 caritatis.
877 3617 950 3680 Nos
974 3619 1061 3680 enim
1085 3616 1128 3678 de
1153 3617 1393 3696 omnipotentis
1418 3614 1472 3676 dei
1497 3613 1622 3676 miseri·

177 3729 292 3789 cordia
316 3727 525 3790 confidentes
549 3728 705 3789 omnibus
730 3721 869 3809 (vobisJ‘
891 3745 967 3788 vere
992 3724 1215 3805 penitentibus
1240 3731 1273 3785 et
1297 3720 1462 3798 confessis,
1493 3723 1548 3802 qui
1578 3722 1623 3784 ad

177 3829 345 3914 predictah
370 3853 506 3896 manum
530 3836 747 3913 porrexeritis
772 3834 980 3908 adiutricem,
1004 3831 1065 3894 XL
1088 3831 1163 3894 dies
1188 3829 1409 3892 criminalium
1441 3837 1475 3890 et
1499 3847 1623 3890 anuum

178 3951 395 4022 peccatorum
420 3941 598 4003 venialium
630 3943 775 4002 iniuncte
807 3942 996 4020 penitencie
1029 3939 1294 4001 misericorditer
1318 3938 1520 4012 relaxamus,
1550 3955 1623 4014 pre·

177 4050 330 4112 sentibus
355 4056 431 4126 post
455 4068 578 4110 annum
603 4051 737 4110 minime
762 4039 927 4122 valiturisl,
952 4066 1036 4128 quas
1061 4048 1147 4108 mitti
1179 4064 1238 4125 per
1269 4045 1480 4124 questuarios
1512 4043 1623 4122 prohi-

177 4158 305 4230 bemus
331 4175 399 4230 eas,
437 4157 463 4218 si
495 4175 592 4218 secus
632 4165 743 4217 actum
775 4153 880 4231 luerit,
913 4173 1025 4216 carere
1057 4155 1179 4215 viribus
1211 4152 1437 4214 decernentes.
1485 4144 1623 4232 (Datum

177 4263 281 4346 Prage
306 4283 395 4325 anno
419 4262 547 4326 domini
571 4271 641 4341 etc,
658 4262 739 4324 Xlll
757 4262 929 4324 Kalendas
953 4259 1047 4342 Junli,
1073 4259 1287 4340 pontificatus
1312 4261 1418 4322 nostri
1441 4277 1529 4319 anno
1551 4253 1624 4334 lX0,

177 4371 367 4434 indiccione
390 4364 508 4454 XVaJl

285 4527 347 4580 Fol.
369 4527 420 4580 125
449 4532 473 4591 7,
498 4527 544 4580 tei
568 4543 586 4577 v
606 4527 648 4580 rk.
675 4525 804 4595 kapituly
830 4525 953 4579 Praiske
979 4525 1006 4578 K
1025 4529 1058 4578 33
1078 4523 1126 4577 fol.
1154 4527 1205 4577 118
1229 4523 1337 4590 (Emler
1363 4521 1418 4575 RB.
1440 4521 1464 4574 ll
1490 4520 1513 4575 d.
1534 4519 1625 4589 2538),

177 4634 194 4669 v
213 4617 434 4671 mnichovskem
453 4619 495 4670 rk.
515 4615 562 4670 fol.
583 4621 633 4668 127
654 4615 678 4670 ἐ.
698 4619 731 4669 68
751 4632 767 4669 a
787 4632 804 4667 v
824 4619 866 4669 rk.
887 4615 1017 4684 kapituly
1036 4613 1160 4667 Praislre
1178 4613 1194 4682 J
1213 4610 1259 4665 ⁴0b
1281 4611 1328 4666 lol.
1347 4613 1408 4664 228.

290 4745 309 4810 ¹)
330 4741 498 4797 Nateradec
517 4757 536 4794 u
557 4741 683 4794 Vlasimi.

177 4862 392 4870 -——-——

286 4922 313 4991 a)
334 4921 448 4983 ,Datum
463 4949 496 4958 -·
511 4920 733 4988 quintodecime‘
753 4919 850 4972 schazl
868 4935 885 4970 v
900 4919 971 4985 Kap.
985 4917 1010 4969 K
1031 4919 1040 4970 i
1061 4917 1131 4985 Kap.
1144 4915 1168 4986 J.
1188 4945 1221 4954 -
1241 4913 1271 4984 b)
1284 4915 1446 4984 ,Johannes‘
1469 4916 1539 4981 Kap.
1553 4913 1576 4982 J.
1590 4941 1622 4952 -

177 5012 203 5080 c)
224 5011 310 5076 ,Petri
330 5019 360 5064 et
379 5009 465 5064 Pauli‘
486 5010 559 5078 Kap.
572 5011 595 5078 J.
627 5039 660 5047 -
692 5007 723 5076 d)
742 5007 930 5069 ,Nachorach‘
950 5007 1014 5069 Mn.,
1035 5006 1132 5058 schazl
1150 5021 1168 5056 v
1188 5005 1260 5072 Kap.
1280 5003 1303 5072 J.
1338 5031 1368 5041 -
1401 5001 1428 5071 e)
1447 5003 1550 5068 ,certis‘
1575 5003 1624 5066 ln,

176 5101 276 5163 ,textis
293 5101 450 5168 campanis‘
476 5099 542 5160 Mn..
562 5099 662 5160 ,tectis
682 5098 837 5164 campanis‘
861 5096 935 5162 Kap.
955 5097 977 5164 J.
999 5124 1030 5134 -
1050 5095 1073 5161 f)
1094 5095 1203 5156 ,taliter¹
1223 5093 1272 5152 ln,
1293 5093 1358 5154 Mn..
1384 5089 1457 5158 Kap.
1482 5091 1516 5152 K,
1542 5097 1623 5157 ,tota-

178 5191 251 5244 liter¹
277 5190 348 5258 Kap.
368 5189 391 5259 J.
420 5219 454 5229 -
482 5189 511 5258 g)
530 5187 684 5256 Doplneno
709 5187 757 5240 dle
781 5186 837 5238 Mn.
865 5214 897 5224 -
924 5184 953 5253 h)
973 5185 1142 5251 ,predictam
1161 5184 1320 5237 ecclesiam¹
1342 5181 1414 5248 Kap.
1433 5180 1456 5249 J.
1477 5208 1509 5218 -
1529 5178 1623 5247 i),du-

177 5279 291 5334 raturis'
312 5279 351 5332 ln.
371 5296 388 5334 a
408 5279 479 5346 Kap.
497 5277 519 5346 J,
540 5277 685 5342 ,valituris‘
706 5277 763 5330 Mn.
785 5305 818 5315 -
837 5274 858 5346 j)
872 5270 1026 5343 Doplnsn'o
1040 5275 1086 5328 dle
1101 5275 1157 5327 Mn.
