3988 5844
892 407 942 457 161

881 677 955 740 206.

197 819 395 898 Benteuenga
408 817 523 899 bisleup
539 817 706 899 Albdnsky'
721 838 743 880 a
754 817 917 900 papersky‘
927 817 1128 899 penitencia'r'
1136 818 1247 900 posila'
1263 817 1428 901 kbiskupu
1442 816 1639 900 (Tobidlovr)

197 926 302 998 Sldvu,
319 923 410 1004 ktery
432 925 523 986 nobil
535 924 768 988 komenda'tora
790 925 963 1007 Iempldr'zl
986 947 1008 986 a
1024 947 1046 986 u
1065 924 1158 988 kum'e
1180 924 1298 987 dosdhl
1319 926 1473 1002 absoluce,
1498 925 1557 1006 aby
1581 947 1637 987 mu

794 1032 897 1095 ulosil
913 1031 1042 1115 poka'nz'.

1274 1119 1531 1201 (1279-1290).

326 1281 585 1343 Penitenciarius
609 1282 738 1344 domini
762 1301 851 1362 pape
874 1283 975 1345 mittit
999 1282 1042 1344 ad
1067 1282 1264 1360 episcopum
1288 1281 1420 1359 laycum
1444 1300 1503 1343 sue

326 1389 483 1466 dyocesis
507 1409 566 1468 pro
592 1389 774 1450 homicidio
799 1389 1000 1464 absolutum,
1031 1396 1069 1450 ut
1099 1389 1161 1450 sibi
1193 1405 1254 1465 pro
1286 1388 1341 1449 illo
1366 1389 1503 1450 crimine

691 1498 915 1574 penitenciam
940 1497 1135 1579 iniungeret.

301 1637 493 1700 Venerabili
525 1639 556 1700 in
589 1636 721 1702 Christo
755 1639 839 1717 patri
864 1634 1038 1720 (Thobie)²
1066 1638 1120 1700 dei
1152 1641 1264 1720 gracia
1295 1639 1456 1718 episcopo
1481 1637 1637 1720 Pragensi

193 1743 291 1807 irater
316 1745 528 1828 Bentevenga
553 1746 772 1808 miseracione
797 1747 909 1808 divina
924 1750 1104 1826 episcopus
1123 1745 1326 1808 Albauensis
1350 1745 1490 1808 salutern
1516 1755 1549 1806 et
1572 1745 1636 1807 sin-

192 1873 300 1915 ceram
321 1854 354 1914 in
378 1854 517 1916 domino
541 1856 725 1915 caritatem.
751 1850 887 1916 Slauam
912 1872 1108 1916 conversum
1135 1851 1261 1914 ordinis
1284 1853 1546 1931 templariorum,
1570 1853 1636 1932 qui,

192 1973 226 2021 ut
250 1961 376 2036 asserit,
408 1981 476 2022 non
501 1961 614 2022 valens
638 1963 774 2024 iniurias
807 1962 870 2023 sibi
901 1960 1009 2023 illatas
1033 1981 1053 2022 a
1078 1961 1237 2043 magistro
1270 1979 1332 2022 suo
1356 1959 1500 2039 pacienti
1524 1960 1636 2021 animo

190 2067 351 2144 tollerare,
365 2069 498 2131 abiecto
512 2068 630 2132 habitu
647 2069 788 2149 regulari
805 2069 977 2132 iracundie
994 2067 1105 2130 lurore
1121 2060 1310 2129 accensusb
1326 2065 1635 2128 commendatorem

190 2195 284 2238 suum
315 2195 399 2238 ausu
431 2174 593 2257 sacrilego
625 2173 798 2252 interfecit,
830 2177 874 2236 ab
905 2177 1236 2248 excomunicacione,
1267 2193 1369 2252 quam
1400 2182 1538 2253 propter
1570 2172 1635 2234 hoc

191 2285 331 2357 incurrit,
357 2291 391 2344 et
414 2284 517 2362 ipsius
542 2284 715 2346 homicidii
740 2293 834 2345 reatu
859 2285 1059 2345 auctoritate
1083 2282 1210 2344 domini
1234 2300 1332 2360 pape,
1366 2283 1460 2342 cuius
1483 2281 1634 2360 peniten-

189 2391 285 2452 ciarie
308 2409 425 2452 curam
449 2391 603 2471 gerimus,
628 2391 670 2452 ad
694 2409 755 2452 vos
771 2390 1027 2452 transmittimus
1051 2388 1251 2460 absolutum,
1276 2407 1335 2449 vos
1360 2397 1482 2463 autem,
1507 2386 1635 2449 confes·

188 2501 279 2559 sione
304 2497 420 2559 audita
444 2507 477 2559 et
501 2497 600 2576 culpa
618 2497 831 2560 considerata
849 2497 1024 2579 diligenter
1040 2497 1154 2576 ipsius,
1171 2495 1350 2575 iniungatis
1366 2495 1396 2555 ei
1412 2493 1634 2573 penitenciam

188 2605 371 2666 secundum
406 2607 457 2666 sul
493 2603 618 2666 ordinis
654 2607 803 2666 instituta
837 2606 870 2667 in
901 2624 963 2667 suo
995 2607 1200 2666 monasterio
1235 2601 1463 2682 peragendam
1497 2609 1531 2662 et
1562 2600 1633 2678 alia,

186 2731 247 2791 que
264 2711 323 2790 let)
341 2722 440 2789 prout
464 2710 650 2774 secundum
675 2712 776 2773 deum
801 2715 911 2774 anime
935 2731 994 2772 sue
1017 2711 1115 2773 saluti
1139 2710 1286 2772 videritis
1310 2708 1482 2788 expedire.
1507 2707 1632 2770 Datum

189 2817 292 2881 Rome
317 2828 379 2881 etc.

291 2975 351 3030 Fol.
372 2980 405 3028 34
433 2975 482 3028 cls.
509 2980 570 3028 206.
602 2975 668 3028 Rok
695 2980 764 3029 1290
793 2975 871 3028 bles.
899 2979 939 3038 12,
969 2975 1008 3027 do
1034 2975 1157 3028 laterelro
1181 2974 1239 3044 jest
1267 2971 1451 3040 Bentevenga
1479 2971 1631 3038 biskupem

186 3067 370 3136 Albanskym,
390 3065 465 3118 davd
484 3065 550 3118 listu
570 3071 684 3118 tomuto
704 3063 831 3119 tasovou
853 3065 970 3118 hranici.

867 3389 941 3452 207.

185 3533 305 3615 Brskup
335 3534 365 3597 T
361 3535 451 3596 obelis
477 3543 646 3615 potvrzuse
677 3505 867 3594 ustanoveizz‘
892 3529 1095 3614 pledclnldce
1124 3529 1220 3592 svdlzo
1251 3528 1385 3608 biskupa
1420 3527 1523 3602 Jana,
1544 3527 1632 3604 jz‘md

462 3661 481 3698 v
506 3641 766 3721 neyinenouanlm
791 3642 890 3701 mlstl
910 3639 998 3701 drino
1015 3637 1103 3718 fara
1117 3637 1286 3719 J'ake'musi
1313 3634 1345 3698 C.

1235 3811 1520 3894 (1279-129012).

314 3962 505 4043 Episcopus
524 3962 720 4023 renovando
738 3959 987 4038 predecessoris
1003 3961 1054 4021 sui
1067 3957 1370 4030 confirmacionem,
1385 3956 1492 4035 ipsam

743 4067 919 4129 confirmat
943 4069 1073 4128 iterato.

284 4211 357 4274 Nos
380 4212 572 4290 Thlobias)c
596 4220 658 4272 etc.
683 4223 800 4273 notum
824 4219 996 4284 esseetc,
1019 4207 1111 4289 quod
1137 4227 1198 4270 nos
1224 4209 1275 4270 ius
1299 4205 1507 4285 plebanatus,
1530 4204 1622 4284 quod

182 4322 379 4400 acquisitum
408 4329 458 4382 est
483 4319 627 4381 honesto
665 4319 734 4380 viro
770 4314 805 4379 C.
831 4317 976 4396 plebano
1001 4316 1044 4377 de
1069 4364 1076 4378 .
1102 4365 1109 4378 .
1135 4315 1239 4395 opido
1267 4315 1481 4393 episcopatus
1519 4313 1626 4374 nostri

180 4447 223 4488 ex
245 4428 459 4490 institucione
485 4437 519 4487 et
543 4425 803 4488 confirmacione
827 4423 989 4506 Johaunis
1014 4425 1102 4485 bone
1127 4422 1287 4483 memorie
1311 4413 1483 4498 proximi‘l
1507 4418 1626 4498 prede·

179 4535 319 4596 cessoris
342 4536 456 4610 nostri,
489 4537 521 4594 in
548 4552 609 4594 suo
641 4535 753 4615 vigore
784 4533 901 4594 debito
925 4531 1119 4593 inconvulse
1144 4527 1313 4591 observari
1336 4527 1494 4602 volentes,
1526 4545 1628 4605 super

178 4641 389 4704 institucione
413 4649 447 4703 et
472 4640 735 4703 confirmacione
768 4639 927 4719 predictis
959 4638 1072 4700 literas
1105 4635 1225 4716 prelati
1249 4633 1497 4714 predecessoris
1520 4637 1626 4695 nostri

179 4769 276 4828 super
300 4749 365 4810 hoc
390 4748 453 4810 sibi
477 4747 574 4809 datas
599 4746 825 4810 favorabiliter
848 4765 893 4807 ex
917 4754 1007 4808 certa
1033 4752 1148 4806 nostra
1180 4743 1324 4805 sciencia
1348 4750 1466 4803 tenore
1490 4759 1625 4819 presen-

178 4859 263 4919 cium
286 4857 486 4918 innovamus
511 4865 546 4916 et
561 4856 711 4936 vigorem
726 4853 880 4915 volumus
897 4859 1095 4932 perpetuum
1114 4851 1276 4926 obtinere,
1299 4849 1344 4910 ita
1369 4847 1460 4928 quod
1477 4845 1626 4925 prefatus

177 4961 210 5028 C.
235 4965 397 5044 plebanus
425 4963 602 5025 ecclesiam
627 4967 717 5023 de..
736 4961 888 5038 superius
921 4958 1128 5021 nominatam
1152 4975 1227 5018 cum
1251 4957 1408 5019 omnibus
1432 4955 1499 5017 suis
1523 4953 1623 5032 perti·

177 5096 386 5110 ——u—

280 5157 308 5220 a)
326 5197 347 5219 ,.
362 5159 376 5210 .‘
397 5157 437 5210 ln.
459 5185 488 5194 —
511 5155 541 5220 b)
563 5159 716 5218 ,accessus‘
736 5153 775 5207 ln.
802 5179 835 5191 -
861 5154 888 5218 c)
908 5149 1073 5222 ,Johaunes‘
1093 5149 1166 5217 Kap.
1180 5149 1202 5218 J.
1229 5177 1261 5188 -
1289 5147 1319 5216 d)
1339 5147 1463 5213 ,Christi‘
1483 5145 1530 5210 In,
1550 5159 1625 5214 ,pro.

175 5247 251 5299 ximi‘
271 5245 344 5313 Kap.
358 5245 380 5314 J.

229 5369 249 5419 J.
263 5369 289 5412 a.
305 5367 374 5410 nov
384 5368 433 5409 ak:
449 5367 569 5408 romulu
583 5366 684 5417 stirap·
698 5365 799 5407 rosisse
815 5377 826 5406 ι
841 5364 956 5416 securas.
1484 5347 1515 5395 11
