<?xml version="1.0" encoding="UTF-8"?>
<!DOCTYPE html PUBLIC "-//W3C//DTD XHTML 1.0 Transitional//EN"
    "http://www.w3.org/TR/xhtml1/DTD/xhtml1-transitional.dtd">
<html xmlns="http://www.w3.org/1999/xhtml" xml:lang="en" lang="en">
 <head>
  <title>
</title>
<meta http-equiv="Content-Type" content="text/html;charset=utf-8" />
  <meta name='ocr-system' content='tesseract 3.04.00' />
  <meta name='ocr-capabilities' content='ocr_page ocr_carea ocr_par ocr_line ocrx_word'/>
</head>
<body>
  <div class='ocr_page' id='page_1' title='image "./formulbiskupato00novgoog_0145.png"; bbox 0 0 3968 5848; ppageno 0'>
   <div class='ocr_carea' id='block_1_1' title="bbox 890 415 941 464">
    <p class='ocr_par' dir='ltr' id='par_1_1' title="bbox 890 415 941 464">
     <span class='ocr_line' id='line_1_1' title="bbox 890 415 941 464; baseline -0.039 0"><span class='ocrx_word' id='word_1_1' title='bbox 890 415 941 464; x_wconf 76' lang='lat'><strong>103</strong></span> 
     </span>
    </p>
   </div>
   <div class='ocr_carea' id='block_1_2' title="bbox 195 625 1639 1783">
    <p class='ocr_par' dir='ltr' id='par_1_2' title="bbox 195 625 1639 1783">
     <span class='ocr_line' id='line_1_2' title="bbox 199 625 1639 709; baseline -0.003 -17"><span class='ocrx_word' id='word_1_2' title='bbox 199 630 316 692; x_wconf 91' lang='lat' dir='ltr'><strong>femine</strong></span> <span class='ocrx_word' id='word_1_3' title='bbox 351 632 472 692; x_wconf 88' lang='lat' dir='ltr'><strong>timore</strong></span> <span class='ocrx_word' id='word_1_4' title='bbox 508 629 562 691; x_wconf 91' lang='lat' dir='ltr'><strong>dei</strong></span> <span class='ocrx_word' id='word_1_5' title='bbox 594 629 784 709; x_wconf 88' lang='lat' dir='ltr'><strong>postposito</strong></span> <span class='ocrx_word' id='word_1_6' title='bbox 819 637 1020 692; x_wconf 88' lang='lat' dir='ltr'><strong>testamenta</strong></span> <span class='ocrx_word' id='word_1_7' title='bbox 1051 647 1188 690; x_wconf 91' lang='lat' dir='ltr'><strong>suorum</strong></span> <span class='ocrx_word' id='word_1_8' title='bbox 1223 628 1499 708; x_wconf 87' lang='lat' dir='ltr'><strong>predecessorum</strong></span> <span class='ocrx_word' id='word_1_9' title='bbox 1531 625 1639 708; x_wconf 91' lang='lat' dir='ltr'><strong>legata</strong></span> 
     </span>
     <span class='ocr_line' id='line_1_3' title="bbox 197 733 1638 819; baseline -0.003 -21"><span class='ocrx_word' id='word_1_10' title='bbox 197 737 324 816; x_wconf 90' lang='lat' dir='ltr'><strong>publice</strong></span> <span class='ocrx_word' id='word_1_11' title='bbox 350 738 448 800; x_wconf 90' lang='lat' dir='ltr'><strong>dictis</strong></span> <span class='ocrx_word' id='word_1_12' title='bbox 472 734 629 799; x_wconf 87' lang='lat' dir='ltr'><strong>fratribus</strong></span> <span class='ocrx_word' id='word_1_13' title='bbox 654 736 797 798; x_wconf 81' lang='lat' dir='ltr'>reddere</span> <span class='ocrx_word' id='word_1_14' title='bbox 813 734 983 819; x_wconf 89' lang='lat' dir='ltr'><strong>denegant</strong></span> <span class='ocrx_word' id='word_1_15' title='bbox 1000 740 1031 799; x_wconf 89' lang='lat' dir='ltr'><strong>in</strong></span> <span class='ocrx_word' id='word_1_16' title='bbox 1049 754 1185 798; x_wconf 85' lang='lat' dir='ltr'><strong>suarum</strong></span> <span class='ocrx_word' id='word_1_17' title='bbox 1211 733 1422 814; x_wconf 88' lang='lat' dir='ltr'>dispendium</span> <span class='ocrx_word' id='word_1_18' title='bbox 1446 733 1638 796; x_wconf 89' lang='lat' dir='ltr'><strong>animarum.</strong></span> 
     </span>
     <span class='ocr_line' id='line_1_4' title="bbox 198 839 1639 924; baseline -0.003 -18"><span class='ocrx_word' id='word_1_19' title='bbox 198 845 264 907; x_wconf 91' lang='lat' dir='ltr'><strong>Nos</strong></span> <span class='ocrx_word' id='word_1_20' title='bbox 296 845 394 924; x_wconf 86' lang='lat' dir='ltr'><strong>igitur</strong></span> <span class='ocrx_word' id='word_1_21' title='bbox 425 845 575 907; x_wconf 90' lang='lat' dir='ltr'><strong>volentes</strong></span> <span class='ocrx_word' id='word_1_22' title='bbox 606 841 744 905; x_wconf 81' lang='lat' dir='ltr'><strong>fratrum</strong></span> <span class='ocrx_word' id='word_1_23' title='bbox 776 844 923 923; x_wconf 91' lang='lat' dir='ltr'><strong>ipsorum</strong></span> <span class='ocrx_word' id='word_1_24' title='bbox 954 843 987 905; x_wconf 93' lang='lat' dir='ltr'><strong>in</strong></span> <span class='ocrx_word' id='word_1_25' title='bbox 1019 839 1209 905; x_wconf 88' lang='lat' dir='ltr'><strong>huiusmodi</strong></span> <span class='ocrx_word' id='word_1_26' title='bbox 1242 841 1424 904; x_wconf 92' lang='lat' dir='ltr'><strong>commodo</strong></span> <span class='ocrx_word' id='word_1_27' title='bbox 1456 840 1639 920; x_wconf 90' lang='lat' dir='ltr'><strong>providere,</strong></span> 
     </span>
     <span class='ocr_line' id='line_1_5' title="bbox 196 943 1639 1033; baseline -0.002 -21"><span class='ocrx_word' id='word_1_28' title='bbox 196 962 229 1013; x_wconf 94' lang='lat' dir='ltr'><strong>ut</strong></span> <span class='ocrx_word' id='word_1_29' title='bbox 258 945 405 1032; x_wconf 79' lang='lat' dir='ltr'><strong>(etiam)²</strong></span> <span class='ocrx_word' id='word_1_30' title='bbox 436 971 480 1013; x_wconf 89' lang='lat' dir='ltr'><strong>ex</strong></span> <span class='ocrx_word' id='word_1_31' title='bbox 516 951 582 1014; x_wconf 93' lang='lat' dir='ltr'><strong>hoc</strong></span> <span class='ocrx_word' id='word_1_32' title='bbox 616 951 727 1013; x_wconf 89' lang='lat' dir='ltr'><strong>anime</strong></span> <span class='ocrx_word' id='word_1_33' title='bbox 761 968 828 1013; x_wconf 93' lang='lat' dir='ltr'><strong>non</strong></span> <span class='ocrx_word' id='word_1_34' title='bbox 863 951 1071 1033; x_wconf 85' lang='lat' dir='ltr'><strong>negligantur</strong></span> <span class='ocrx_word' id='word_1_35' title='bbox 1104 943 1330 1026; x_wconf 82' lang='lat' dir='ltr'><strong>testatorum,b</strong></span> <span class='ocrx_word' id='word_1_36' title='bbox 1354 949 1552 1010; x_wconf 88' lang='lat' dir='ltr'><strong>discrecioni</strong></span> <span class='ocrx_word' id='word_1_37' title='bbox 1582 957 1639 1009; x_wconf 87' lang='lat' dir='ltr'><strong>tue</strong></span> 
     </span>
     <span class='ocr_line' id='line_1_6' title="bbox 195 1053 1638 1138; baseline -0.003 -18"><span class='ocrx_word' id='word_1_38' title='bbox 195 1060 410 1138; x_wconf 86' lang='lat' dir='ltr'><strong>precipiendo</strong></span> <span class='ocrx_word' id='word_1_39' title='bbox 435 1059 622 1121; x_wconf 90' lang='lat' dir='ltr'><strong>districcius</strong></span> <span class='ocrx_word' id='word_1_40' title='bbox 638 1057 846 1131; x_wconf 87' lang='lat' dir='ltr'><strong>mandamus,</strong></span> <span class='ocrx_word' id='word_1_41' title='bbox 863 1069 1037 1138; x_wconf 89' lang='lat' dir='ltr'><strong>quatenus,</strong></span> <span class='ocrx_word' id='word_1_42' title='bbox 1054 1059 1080 1119; x_wconf 93' lang='lat' dir='ltr'><strong>si</strong></span> <span class='ocrx_word' id='word_1_43' title='bbox 1097 1058 1143 1122; x_wconf 90' lang='lat' dir='ltr'><strong>ita</strong></span> <span class='ocrx_word' id='word_1_44' title='bbox 1160 1066 1218 1134; x_wconf 89' lang='lat' dir='ltr'><strong>est,</strong></span> <span class='ocrx_word' id='word_1_45' title='bbox 1236 1059 1409 1120; x_wconf 92' lang='lat' dir='ltr'><strong>universos</strong></span> <span class='ocrx_word' id='word_1_46' title='bbox 1433 1063 1467 1117; x_wconf 85' lang='lat' dir='ltr'><strong>et</strong></span> <span class='ocrx_word' id='word_1_47' title='bbox 1483 1053 1638 1137; x_wconf 90' lang='lat' dir='ltr'><strong>singulos,</strong></span> 
     </span>
     <span class='ocr_line' id='line_1_7' title="bbox 195 1164 1638 1247; baseline -0.003 -19"><span class='ocrx_word' id='word_1_48' title='bbox 195 1185 276 1247; x_wconf 91' lang='lat' dir='ltr'><strong>quos</strong></span> <span class='ocrx_word' id='word_1_49' title='bbox 300 1164 383 1226; x_wconf 91' lang='lat' dir='ltr'><strong>tales</strong></span> <span class='ocrx_word' id='word_1_50' title='bbox 399 1167 572 1241; x_wconf 89' lang='lat' dir='ltr'><strong>inveneris,</strong></span> <span class='ocrx_word' id='word_1_51' title='bbox 588 1165 777 1228; x_wconf 90' lang='lat' dir='ltr'><strong>monicione</strong></span> <span class='ocrx_word' id='word_1_52' title='bbox 802 1165 915 1227; x_wconf 93' lang='lat' dir='ltr'><strong>debita</strong></span> <span class='ocrx_word' id='word_1_53' title='bbox 939 1165 1114 1246; x_wconf 73' lang='lat' dir='ltr'><strong>prehabito</strong></span> <span class='ocrx_word' id='word_1_54' title='bbox 1130 1184 1189 1245; x_wconf 92' lang='lat' dir='ltr'><strong>per</strong></span> <span class='ocrx_word' id='word_1_55' title='bbox 1205 1164 1409 1227; x_wconf 87' lang='lat' dir='ltr'><strong>artacionem</strong></span> <span class='ocrx_word' id='word_1_56' title='bbox 1426 1165 1469 1225; x_wconf 84' lang='lat' dir='ltr'><strong>ab</strong></span> <span class='ocrx_word' id='word_1_57' title='bbox 1487 1164 1638 1244; x_wconf 89' lang='lat' dir='ltr'><strong>ingressu</strong></span> 
     </span>
     <span class='ocr_line' id='line_1_8' title="bbox 196 1268 1638 1355; baseline -0.003 -20"><span class='ocrx_word' id='word_1_58' title='bbox 196 1272 333 1335; x_wconf 87' lang='lat' dir='ltr'><strong>ecclesie</strong></span> <span class='ocrx_word' id='word_1_59' title='bbox 356 1274 448 1352; x_wconf 88' lang='lat' dir='ltr'><strong>ipsos</strong></span> <span class='ocrx_word' id='word_1_60' title='bbox 472 1291 574 1354; x_wconf 84' lang='lat' dir='ltr'><strong>cogas</strong></span> <span class='ocrx_word' id='word_1_61' title='bbox 598 1273 689 1335; x_wconf 92' lang='lat' dir='ltr'><strong>dicta</strong></span> <span class='ocrx_word' id='word_1_62' title='bbox 713 1281 913 1334; x_wconf 87' lang='lat' dir='ltr'><strong>testamenta</strong></span> <span class='ocrx_word' id='word_1_63' title='bbox 930 1292 973 1334; x_wconf 87' lang='lat' dir='ltr'><strong>ex</strong></span> <span class='ocrx_word' id='word_1_64' title='bbox 991 1273 1119 1355; x_wconf 84' lang='lat' dir='ltr'><strong>integro</strong></span> <span class='ocrx_word' id='word_1_65' title='bbox 1143 1271 1281 1348; x_wconf 87' lang='lat' dir='ltr'><strong>solvere,</strong></span> <span class='ocrx_word' id='word_1_66' title='bbox 1297 1281 1333 1333; x_wconf 93' lang='lat' dir='ltr'><strong>ut</strong></span> <span class='ocrx_word' id='word_1_67' title='bbox 1349 1279 1512 1344; x_wconf 90' lang='lat' dir='ltr'><strong>tenentur,</strong></span> <span class='ocrx_word' id='word_1_68' title='bbox 1537 1268 1638 1348; x_wconf 92' lang='lat' dir='ltr'><strong>quod,</strong></span> 
     </span>
     <span class='ocr_line' id='line_1_9' title="bbox 196 1373 1637 1461; baseline -0.003 -21"><span class='ocrx_word' id='word_1_69' title='bbox 196 1381 220 1441; x_wconf 89' lang='lat' dir='ltr'><strong>si</strong></span> <span class='ocrx_word' id='word_1_70' title='bbox 242 1378 342 1461; x_wconf 89' lang='lat' dir='ltr'><strong>aliqui</strong></span> <span class='ocrx_word' id='word_1_71' title='bbox 366 1383 515 1457; x_wconf 90' lang='lat' dir='ltr'><strong>ipsorum</strong></span> <span class='ocrx_word' id='word_1_72' title='bbox 539 1389 755 1441; x_wconf 86' lang='lat' dir='ltr'><strong>contumaces</strong></span> <span class='ocrx_word' id='word_1_73' title='bbox 786 1381 964 1456; x_wconf 84' lang='lat' dir='ltr'><strong>extiterint,</strong></span> <span class='ocrx_word' id='word_1_74' title='bbox 997 1389 1122 1442; x_wconf 89' lang='lat' dir='ltr'><strong>extunc</strong></span> <span class='ocrx_word' id='word_1_75' title='bbox 1154 1381 1255 1459; x_wconf 77' lang='lat' dir='ltr'><strong>ips0S,</strong></span> <span class='ocrx_word' id='word_1_76' title='bbox 1287 1377 1396 1440; x_wconf 90' lang='lat' dir='ltr'><strong>donec</strong></span> <span class='ocrx_word' id='word_1_77' title='bbox 1426 1373 1637 1451; x_wconf 82' lang='lat' dir='ltr'><strong>satisfaciant,</strong></span> 
     </span>
     <span class='ocr_line' id='line_1_10' title="bbox 196 1484 1635 1566; baseline -0.002 -19"><span class='ocrx_word' id='word_1_78' title='bbox 196 1495 366 1566; x_wconf 88' lang='lat' dir='ltr'><strong>tamquam</strong></span> <span class='ocrx_word' id='word_1_79' title='bbox 397 1489 676 1548; x_wconf 89' lang='lat' dir='ltr'><strong>excomunicatos</strong></span> <span class='ocrx_word' id='word_1_80' title='bbox 707 1488 750 1549; x_wconf 91' lang='lat' dir='ltr'><strong>ab</strong></span> <span class='ocrx_word' id='word_1_81' title='bbox 775 1488 931 1548; x_wconf 89' lang='lat' dir='ltr'><strong>omnibus</strong></span> <span class='ocrx_word' id='word_1_82' title='bbox 954 1487 1058 1549; x_wconf 90' lang='lat' dir='ltr'><strong>facias</strong></span> <span class='ocrx_word' id='word_1_83' title='bbox 1081 1489 1192 1550; x_wconf 90' lang='lat' dir='ltr'><strong>arcius</strong></span> <span class='ocrx_word' id='word_1_84' title='bbox 1216 1487 1340 1549; x_wconf 88' lang='lat' dir='ltr'><strong>evitari.</strong></span> <span class='ocrx_word' id='word_1_85' title='bbox 1378 1485 1434 1546; x_wconf 85' lang='lat' dir='ltr'><strong>Etc</strong></span> <span class='ocrx_word' id='word_1_86' title='bbox 1459 1485 1523 1546; x_wconf 93' lang='lat' dir='ltr'><strong>hoc</strong></span> <span class='ocrx_word' id='word_1_87' title='bbox 1546 1484 1635 1545; x_wconf 93' lang='lat' dir='ltr'><strong>idem</strong></span> 
     </span>
     <span class='ocr_line' id='line_1_11' title="bbox 195 1589 1638 1672; baseline -0.001 -20"><span class='ocrx_word' id='word_1_88' title='bbox 195 1591 300 1668; x_wconf 89' lang='lat' dir='ltr'><strong>facias,</strong></span> <span class='ocrx_word' id='word_1_89' title='bbox 332 1593 359 1654; x_wconf 91' lang='lat' dir='ltr'><strong>si</strong></span> <span class='ocrx_word' id='word_1_90' title='bbox 391 1611 477 1670; x_wconf 89' lang='lat' dir='ltr'><strong>opus</strong></span> <span class='ocrx_word' id='word_1_91' title='bbox 502 1589 608 1670; x_wconf 86' lang='lat' dir='ltr'><strong>fuerit,</strong></span> <span class='ocrx_word' id='word_1_92' title='bbox 640 1593 817 1656; x_wconf 93' lang='lat' dir='ltr'><strong>in..loco</strong></span> <span class='ocrx_word' id='word_1_93' title='bbox 850 1602 883 1656; x_wconf 91' lang='lat' dir='ltr'><strong>et</strong></span> <span class='ocrx_word' id='word_1_94' title='bbox 913 1595 946 1656; x_wconf 92' lang='lat' dir='ltr'><strong>in</strong></span> <span class='ocrx_word' id='word_1_95' title='bbox 980 1594 1051 1656; x_wconf 87' lang='lat' dir='ltr'><strong>aliis</strong></span> <span class='ocrx_word' id='word_1_96' title='bbox 1075 1593 1164 1671; x_wconf 87' lang='lat' dir='ltr'><strong>locis,</strong></span> <span class='ocrx_word' id='word_1_97' title='bbox 1196 1594 1253 1656; x_wconf 90' lang='lat' dir='ltr'><strong>ubi</strong></span> <span class='ocrx_word' id='word_1_98' title='bbox 1278 1592 1459 1672; x_wconf 91' lang='lat' dir='ltr'><strong>sepedictis</strong></span> <span class='ocrx_word' id='word_1_99' title='bbox 1483 1590 1638 1653; x_wconf 90' lang='lat' dir='ltr'><strong>fratribus</strong></span> 
     </span>
     <span class='ocr_line' id='line_1_12' title="bbox 196 1698 1003 1783; baseline 0.004 -24"><span class='ocrx_word' id='word_1_100' title='bbox 196 1719 213 1759; x_wconf 90' lang='lat' dir='ltr'><strong>a</strong></span> <span class='ocrx_word' id='word_1_101' title='bbox 237 1698 390 1761; x_wconf 89' lang='lat' dir='ltr'><strong>fidelibus</strong></span> <span class='ocrx_word' id='word_1_102' title='bbox 414 1699 522 1780; x_wconf 92' lang='lat' dir='ltr'><strong>legata</strong></span> <span class='ocrx_word' id='word_1_103' title='bbox 547 1700 764 1783; x_wconf 86' lang='lat' dir='ltr'><strong>denegantur.</strong></span> <span class='ocrx_word' id='word_1_104' title='bbox 790 1700 914 1762; x_wconf 87' lang='lat' dir='ltr'><strong>Datum</strong></span> <span class='ocrx_word' id='word_1_105' title='bbox 941 1711 1003 1762; x_wconf 92' lang='lat' dir='ltr'><strong>etc.</strong></span> 
     </span>
    </p>
   </div>
   <div class='ocr_carea' id='block_1_3' title="bbox 196 1873 1638 2018">
    <p class='ocr_par' dir='ltr' id='par_1_3' title="bbox 196 1873 1638 2018">
     <span class='ocr_line' id='line_1_13' title="bbox 299 1873 1638 1946; baseline -0.001 -20"><span class='ocrx_word' id='word_1_106' title='bbox 299 1873 360 1926; x_wconf 85' lang='lat' dir='ltr'><strong>Fol.</strong></span> <span class='ocrx_word' id='word_1_107' title='bbox 383 1876 424 1926; x_wconf 87' lang='lat'><strong>18·</strong></span> <span class='ocrx_word' id='word_1_108' title='bbox 444 1873 468 1927; x_wconf 74' lang='grc' dir='ltr'><strong>ἐ.</strong></span> <span class='ocrx_word' id='word_1_109' title='bbox 488 1879 548 1938; x_wconf 82' lang='lat'><strong>127,</strong></span> <span class='ocrx_word' id='word_1_110' title='bbox 567 1873 613 1926; x_wconf 74' lang='lat' dir='ltr'><strong>tei</strong></span> <span class='ocrx_word' id='word_1_111' title='bbox 626 1889 644 1928; x_wconf 84' lang='lat' dir='ltr'>v</span> <span class='ocrx_word' id='word_1_112' title='bbox 658 1875 796 1942; x_wconf 89' lang='lat' dir='ltr'><strong>rukopise</strong></span> <span class='ocrx_word' id='word_1_113' title='bbox 815 1876 946 1945; x_wconf 85' lang='lat' dir='ltr'><strong>kapituly</strong></span> <span class='ocrx_word' id='word_1_114' title='bbox 970 1875 1093 1930; x_wconf 77' lang='lat' dir='ltr'><strong>Praiske</strong></span> <span class='ocrx_word' id='word_1_115' title='bbox 1107 1876 1121 1946; x_wconf 93' lang='lat' dir='ltr'>J</span> <span class='ocrx_word' id='word_1_116' title='bbox 1135 1873 1181 1927; x_wconf 75' lang='lat' dir='ltr'><strong>40l</strong></span> <span class='ocrx_word' id='word_1_117' title='bbox 1194 1875 1241 1930; x_wconf 85' lang='lat' dir='ltr'><strong>fol.</strong></span> <span class='ocrx_word' id='word_1_118' title='bbox 1255 1877 1324 1929; x_wconf 82' lang='lat'><em>262¹.</em></span> <span class='ocrx_word' id='word_1_119' title='bbox 1345 1873 1638 1942; x_wconf 82' lang='lat' dir='ltr'><strong>Ochronologickem</strong></span> 
     </span>
     <span class='ocr_line' id='line_1_14' title="bbox 196 1963 817 2018; baseline 0.005 -3"><span class='ocrx_word' id='word_1_120' title='bbox 196 1963 323 2016; x_wconf 88' lang='lat' dir='ltr'><strong>omezeni</strong></span> <span class='ocrx_word' id='word_1_121' title='bbox 343 1965 444 2016; x_wconf 84' lang='lat' dir='ltr'><strong>rokern</strong></span> <span class='ocrx_word' id='word_1_122' title='bbox 466 1967 535 2016; x_wconf 85' lang='lat'>1290</span> <span class='ocrx_word' id='word_1_123' title='bbox 554 1979 630 2018; x_wconf 89' lang='lat' dir='ltr'><strong>srov.</strong></span> <span class='ocrx_word' id='word_1_124' title='bbox 650 1965 729 2018; x_wconf 84' lang='lat' dir='ltr'><strong>rivod</strong></span> <span class='ocrx_word' id='word_1_125' title='bbox 749 1965 773 2018; x_wconf 97' lang='lat' dir='ltr'><strong>ll</strong></span> <span class='ocrx_word' id='word_1_126' title='bbox 793 1970 817 2018; x_wconf 85' lang='grc'><strong>3.</strong></span> 
     </span>
    </p>
   </div>
   <div class='ocr_carea' id='block_1_4' title="bbox 878 2323 949 2386">
    <p class='ocr_par' dir='ltr' id='par_1_4' title="bbox 878 2323 949 2386">
     <span class='ocr_line' id='line_1_15' title="bbox 878 2323 949 2386; baseline 0 -2"><span class='ocrx_word' id='word_1_127' title='bbox 878 2323 949 2386; x_wconf 83' lang='lat'>128.</span> 
     </span>
    </p>
   </div>
   <div class='ocr_carea' id='block_1_5' title="bbox 195 2466 1637 2779">
    <p class='ocr_par' dir='ltr' id='par_1_5' title="bbox 195 2466 1637 2779">
     <span class='ocr_line' id='line_1_16' title="bbox 196 2466 1637 2566; baseline 0.001 -24"><span class='ocrx_word' id='word_1_128' title='bbox 196 2481 314 2562; x_wconf 77' lang='lat' dir='ltr'><strong>Br&#39;skup</strong></span> <span class='ocrx_word' id='word_1_129' title='bbox 344 2481 374 2543; x_wconf 87' lang='grc' dir='ltr'><em>Τ</em></span> <span class='ocrx_word' id='word_1_130' title='bbox 369 2481 458 2546; x_wconf 72' lang='lat' dir='ltr'><strong>obia‘d</strong></span> <span class='ocrx_word' id='word_1_131' title='bbox 481 2485 649 2566; x_wconf 73' lang='lat' dir='ltr'><strong>cenamuje</strong></span> <span class='ocrx_word' id='word_1_132' title='bbox 663 2483 784 2565; x_wconf 70' lang='lat' dir='ltr'><strong>farcirb&#39;</strong></span> <span class='ocrx_word' id='word_1_133' title='bbox 805 2505 826 2545; x_wconf 86' lang='lat' dir='ltr'><em>v</em></span> <span class='ocrx_word' id='word_1_134' title='bbox 854 2466 932 2558; x_wconf 78' lang='lat' dir='ltr'><strong>Ustz&#39;,</strong></span> <span class='ocrx_word' id='word_1_135' title='bbox 956 2489 992 2546; x_wconf 63' lang='lat' dir='ltr'><strong>de</strong></span> <span class='ocrx_word' id='word_1_136' title='bbox 1014 2483 1036 2546; x_wconf 74' lang='lat' dir='ltr'><em>k</em></span> <span class='ocrx_word' id='word_1_137' title='bbox 1059 2484 1190 2548; x_wconf 62' lang='lat' dir='ltr'><strong>dddostr&#39;</strong></span> <span class='ocrx_word' id='word_1_138' title='bbox 1201 2483 1282 2566; x_wconf 83' lang='lat' dir='ltr'><strong>jelro</strong></span> <span class='ocrx_word' id='word_1_139' title='bbox 1305 2481 1470 2546; x_wconf 86' lang='lat' dir='ltr'><strong>ustanovr&#39;l</strong></span> <span class='ocrx_word' id='word_1_140' title='bbox 1489 2483 1637 2544; x_wconf 84' lang='lat' dir='ltr'><strong>soudcem</strong></span> 
     </span>
     <span class='ocr_line' id='line_1_17' title="bbox 195 2588 1636 2674; baseline 0.001 -24"><span class='ocrx_word' id='word_1_141' title='bbox 195 2608 214 2650; x_wconf 84' lang='lat' dir='ltr'><em>v</em></span> <span class='ocrx_word' id='word_1_142' title='bbox 226 2588 306 2670; x_wconf 76' lang='lat' dir='ltr'><strong>jeliu</strong></span> <span class='ocrx_word' id='word_1_143' title='bbox 324 2589 383 2670; x_wconf 69' lang='lat' dir='ltr'><strong>pn·</strong></span> <span class='ocrx_word' id='word_1_144' title='bbox 405 2599 501 2670; x_wconf 73' lang='lat' dir='ltr'><strong>opatu</strong></span> <span class='ocrx_word' id='word_1_145' title='bbox 524 2589 812 2670; x_wconf 80' lang='lat' dir='ltr'><strong>Postuloprtske&#39;lro,</strong></span> <span class='ocrx_word' id='word_1_146' title='bbox 834 2592 910 2653; x_wconf 72' lang='lat' dir='ltr'><strong>radi</strong></span> <span class='ocrx_word' id='word_1_147' title='bbox 932 2613 986 2652; x_wconf 89' lang='lat' dir='ltr'><strong>mu</strong></span> <span class='ocrx_word' id='word_1_148' title='bbox 1009 2591 1099 2666; x_wconf 61' lang='lat' dir='ltr'><strong>vrak,</strong></span> <span class='ocrx_word' id='word_1_149' title='bbox 1124 2591 1184 2672; x_wconf 90' lang='lat' dir='ltr'><strong>aby</strong></span> <span class='ocrx_word' id='word_1_150' title='bbox 1203 2591 1260 2674; x_wconf 66' lang='lat' dir='ltr'><strong>pri</strong></span> <span class='ocrx_word' id='word_1_151' title='bbox 1282 2611 1360 2654; x_wconf 84' lang='lat' dir='ltr'><strong>svou</strong></span> <span class='ocrx_word' id='word_1_152' title='bbox 1383 2590 1459 2653; x_wconf 82' lang='lat' dir='ltr'><strong>uedl</strong></span> <span class='ocrx_word' id='word_1_153' title='bbox 1478 2609 1499 2652; x_wconf 83' lang='lat' dir='ltr'><em>v</em></span> <span class='ocrx_word' id='word_1_154' title='bbox 1523 2589 1636 2665; x_wconf 76' lang='lat' dir='ltr'><strong>Praze,</strong></span> 
     </span>
     <span class='ocr_line' id='line_1_18' title="bbox 578 2697 1254 2779; baseline 0.003 -21"><span class='ocrx_word' id='word_1_155' title='bbox 578 2697 638 2760; x_wconf 83' lang='lat' dir='ltr'><strong>kde</strong></span> <span class='ocrx_word' id='word_1_156' title='bbox 652 2699 690 2779; x_wconf 85' lang='lat' dir='ltr'><strong>je</strong></span> <span class='ocrx_word' id='word_1_157' title='bbox 713 2697 859 2760; x_wconf 83' lang='lat' dir='ltr'><strong>dostatek</strong></span> <span class='ocrx_word' id='word_1_158' title='bbox 882 2697 1062 2779; x_wconf 72' lang='lat' dir='ltr'><strong>zkuienjiclz</strong></span> <span class='ocrx_word' id='word_1_159' title='bbox 1081 2699 1254 2778; x_wconf 68' lang='lat' dir='ltr'><strong>prdvnr&#39;kd.</strong></span> 
     </span>
    </p>
   </div>
   <div class='ocr_carea' id='block_1_6' title="bbox 460 2875 1527 3116">
    <p class='ocr_par' dir='ltr' id='par_1_6' title="bbox 460 2875 1527 3116">
     <span class='ocr_line' id='line_1_19' title="bbox 1247 2875 1527 2958; baseline -0.011 -18"><span class='ocrx_word' id='word_1_160' title='bbox 1247 2875 1527 2958; x_wconf 61' lang='lat'><em>(1279-12902).</em></span> 
     </span>
     <span class='ocr_line' id='line_1_20' title="bbox 460 3035 1377 3116; baseline 0.002 -18"><span class='ocrx_word' id='word_1_161' title='bbox 460 3035 651 3115; x_wconf 88' lang='lat' dir='ltr'><strong>Episcopus</strong></span> <span class='ocrx_word' id='word_1_162' title='bbox 675 3037 734 3100; x_wconf 89' lang='lat' dir='ltr'><strong>dat</strong></span> <span class='ocrx_word' id='word_1_163' title='bbox 757 3038 902 3116; x_wconf 91' lang='lat' dir='ltr'><strong>plebano</strong></span> <span class='ocrx_word' id='word_1_164' title='bbox 927 3040 1098 3102; x_wconf 89' lang='lat' dir='ltr'><strong>auditores</strong></span> <span class='ocrx_word' id='word_1_165' title='bbox 1122 3042 1155 3101; x_wconf 92' lang='lat' dir='ltr'><strong>in</strong></span> <span class='ocrx_word' id='word_1_166' title='bbox 1180 3058 1283 3102; x_wconf 89' lang='lat' dir='ltr'><strong>causa</strong></span> <span class='ocrx_word' id='word_1_167' title='bbox 1307 3059 1377 3101; x_wconf 89' lang='lat' dir='ltr'><strong>sua.</strong></span> 
     </span>
    </p>
   </div>
   <div class='ocr_carea' id='block_1_7' title="bbox 188 3191 1637 4450">
    <p class='ocr_par' dir='ltr' id='par_1_7' title="bbox 188 3191 1637 4450">
     <span class='ocr_line' id='line_1_21' title="bbox 297 3191 1636 3282; baseline 0.001 -24"><span class='ocrx_word' id='word_1_168' title='bbox 297 3191 495 3280; x_wconf 82' lang='lat' dir='ltr'><strong>Th(obias)‘¹</strong></span> <span class='ocrx_word' id='word_1_169' title='bbox 519 3206 580 3259; x_wconf 89' lang='lat' dir='ltr'><strong>etc.</strong></span> <span class='ocrx_word' id='word_1_170' title='bbox 603 3199 726 3261; x_wconf 89' lang='lat' dir='ltr'><strong>dilecto</strong></span> <span class='ocrx_word' id='word_1_171' title='bbox 747 3199 780 3260; x_wconf 90' lang='lat' dir='ltr'><strong>in</strong></span> <span class='ocrx_word' id='word_1_172' title='bbox 796 3196 930 3262; x_wconf 92' lang='lat' dir='ltr'><strong>Christo</strong></span> <span class='ocrx_word' id='word_1_173' title='bbox 951 3200 1018 3263; x_wconf 89' lang='lat' dir='ltr'><strong>filio</strong></span> <span class='ocrx_word' id='word_1_174' title='bbox 1039 3247 1045 3259; x_wconf 92' lang='lat'>.</span> <span class='ocrx_word' id='word_1_175' title='bbox 1063 3209 1084 3264; x_wconf 51' lang='grc' dir='ltr'><strong>,θ</strong></span> <span class='ocrx_word' id='word_1_176' title='bbox 1108 3199 1250 3278; x_wconf 89' lang='lat' dir='ltr'><strong>plebano</strong></span> <span class='ocrx_word' id='word_1_177' title='bbox 1272 3201 1305 3262; x_wconf 88' lang='lat' dir='ltr'><strong>in</strong></span> <span class='ocrx_word' id='word_1_178' title='bbox 1323 3193 1428 3262; x_wconf 71' lang='lat' dir='ltr'><strong>Wsks</strong></span> <span class='ocrx_word' id='word_1_179' title='bbox 1441 3195 1465 3282; x_wconf 83' lang='lat'><strong>¹)</strong></span> <span class='ocrx_word' id='word_1_180' title='bbox 1494 3199 1636 3262; x_wconf 88' lang='lat' dir='ltr'><strong>salutem</strong></span> 
     </span>
     <span class='ocr_line' id='line_1_22' title="bbox 193 3301 1636 3388; baseline 0.003 -26"><span class='ocrx_word' id='word_1_181' title='bbox 193 3309 252 3363; x_wconf 89' lang='lat' dir='ltr'><strong>etc.</strong></span> <span class='ocrx_word' id='word_1_182' title='bbox 278 3301 483 3366; x_wconf 90' lang='lat' dir='ltr'><strong>Devocionis</strong></span> <span class='ocrx_word' id='word_1_183' title='bbox 505 3313 562 3367; x_wconf 90' lang='lat' dir='ltr'><strong>tue</strong></span> <span class='ocrx_word' id='word_1_184' title='bbox 587 3315 723 3384; x_wconf 90' lang='lat' dir='ltr'><strong>propter</strong></span> <span class='ocrx_word' id='word_1_185' title='bbox 746 3315 803 3368; x_wconf 89' lang='lat' dir='ltr'><strong>tue</strong></span> <span class='ocrx_word' id='word_1_186' title='bbox 827 3307 1025 3369; x_wconf 85' lang='lat' dir='ltr'><strong>sinceritatis</strong></span> <span class='ocrx_word' id='word_1_187' title='bbox 1045 3311 1162 3371; x_wconf 86' lang='lat' dir='ltr'><strong>merita</strong></span> <span class='ocrx_word' id='word_1_188' title='bbox 1182 3309 1338 3388; x_wconf 89' lang='lat' dir='ltr'><strong>precibus</strong></span> <span class='ocrx_word' id='word_1_189' title='bbox 1361 3307 1507 3370; x_wconf 87' lang='lat' dir='ltr'><strong>inclinati</strong></span> <span class='ocrx_word' id='word_1_190' title='bbox 1532 3307 1636 3369; x_wconf 90' lang='lat' dir='ltr'><strong>hono-</strong></span> 
     </span>
     <span class='ocr_line' id='line_1_23' title="bbox 193 3407 1637 3495; baseline 0.003 -27"><span class='ocrx_word' id='word_1_191' title='bbox 193 3407 328 3470; x_wconf 89' lang='lat' dir='ltr'><strong>rabilem</strong></span> <span class='ocrx_word' id='word_1_192' title='bbox 353 3413 458 3472; x_wconf 89' lang='lat' dir='ltr'><strong>virum</strong></span> <span class='ocrx_word' id='word_1_193' title='bbox 490 3411 662 3475; x_wconf 89' lang='lat' dir='ltr'><strong>dominum</strong></span> <span class='ocrx_word' id='word_1_194' title='bbox 688 3419 738 3476; x_wconf 76' lang='lat'><strong>..⁸</strong></span> <span class='ocrx_word' id='word_1_195' title='bbox 758 3413 918 3476; x_wconf 87' lang='lat' dir='ltr'><strong>abbatem</strong></span> <span class='ocrx_word' id='word_1_196' title='bbox 943 3414 1041 3476; x_wconf 90' lang='lat' dir='ltr'><strong>Porte</strong></span> <span class='ocrx_word' id='word_1_197' title='bbox 1065 3414 1308 3495; x_wconf 87' lang='lat' dir='ltr'><strong>Apostolorum</strong></span> <span class='ocrx_word' id='word_1_198' title='bbox 1340 3415 1539 3477; x_wconf 88' lang='lat' dir='ltr'><strong>discrecioni</strong></span> <span class='ocrx_word' id='word_1_199' title='bbox 1570 3423 1637 3490; x_wconf 87' lang='lat' dir='ltr'><strong>tue,</strong></span> 
     </span>
     <span class='ocr_line' id='line_1_24' title="bbox 191 3517 1636 3602; baseline 0 -22"><span class='ocrx_word' id='word_1_200' title='bbox 191 3529 225 3580; x_wconf 89' lang='lat' dir='ltr'><strong>ut</strong></span> <span class='ocrx_word' id='word_1_201' title='bbox 248 3521 369 3598; x_wconf 82' lang='lat' dir='ltr'><strong>petisti,</strong></span> <span class='ocrx_word' id='word_1_202' title='bbox 394 3517 547 3580; x_wconf 89' lang='lat' dir='ltr'><strong>dedimus</strong></span> <span class='ocrx_word' id='word_1_203' title='bbox 578 3519 776 3595; x_wconf 90' lang='lat' dir='ltr'><strong>auditorem,</strong></span> <span class='ocrx_word' id='word_1_204' title='bbox 800 3518 878 3583; x_wconf 90' lang='lat' dir='ltr'><strong>licet</strong></span> <span class='ocrx_word' id='word_1_205' title='bbox 911 3521 975 3583; x_wconf 91' lang='lat' dir='ltr'><strong>hoc</strong></span> <span class='ocrx_word' id='word_1_206' title='bbox 1008 3523 1183 3602; x_wconf 90' lang='lat' dir='ltr'><strong>negocium</strong></span> <span class='ocrx_word' id='word_1_207' title='bbox 1215 3517 1333 3584; x_wconf 80' lang='lat' dir='ltr'><strong>tuumh</strong></span> <span class='ocrx_word' id='word_1_208' title='bbox 1358 3523 1447 3584; x_wconf 91' lang='lat' dir='ltr'><strong>bona</strong></span> <span class='ocrx_word' id='word_1_209' title='bbox 1472 3520 1538 3584; x_wconf 87' lang='lat' dir='ltr'><strong>fide</strong></span> <span class='ocrx_word' id='word_1_210' title='bbox 1562 3539 1636 3582; x_wconf 88' lang='lat' dir='ltr'><strong>esse</strong></span> 
     </span>
     <span class='ocr_line' id='line_1_25' title="bbox 191 3624 1635 3709; baseline 0.001 -23"><span class='ocrx_word' id='word_1_211' title='bbox 191 3624 267 3686; x_wconf 91' lang='lat' dir='ltr'><strong>utile</strong></span> <span class='ocrx_word' id='word_1_212' title='bbox 292 3645 360 3687; x_wconf 92' lang='lat' dir='ltr'><strong>non</strong></span> <span class='ocrx_word' id='word_1_213' title='bbox 386 3625 571 3702; x_wconf 88' lang='lat' dir='ltr'><strong>credamus,</strong></span> <span class='ocrx_word' id='word_1_214' title='bbox 595 3629 674 3706; x_wconf 87' lang='lat' dir='ltr'><strong>quia</strong></span> <span class='ocrx_word' id='word_1_215' title='bbox 699 3628 804 3690; x_wconf 88' lang='lat' dir='ltr'><strong>abbas</strong></span> <span class='ocrx_word' id='word_1_216' title='bbox 829 3631 909 3706; x_wconf 88' lang='lat' dir='ltr'><strong>ipse,</strong></span> <span class='ocrx_word' id='word_1_217' title='bbox 933 3629 989 3709; x_wconf 91' lang='lat' dir='ltr'><strong>qui</strong></span> <span class='ocrx_word' id='word_1_218' title='bbox 1017 3647 1153 3691; x_wconf 88' lang='lat' dir='ltr'><strong>causam</strong></span> <span class='ocrx_word' id='word_1_219' title='bbox 1178 3630 1372 3692; x_wconf 89' lang='lat' dir='ltr'><strong>examinare</strong></span> <span class='ocrx_word' id='word_1_220' title='bbox 1396 3629 1506 3706; x_wconf 87' lang='lat' dir='ltr'><strong>debet,</strong></span> <span class='ocrx_word' id='word_1_221' title='bbox 1531 3646 1635 3690; x_wconf 88' lang='lat' dir='ltr'><strong>asses·</strong></span> 
     </span>
     <span class='ocr_line' id='line_1_26' title="bbox 190 3733 1636 3818; baseline 0.001 -26"><span class='ocrx_word' id='word_1_222' title='bbox 190 3751 281 3794; x_wconf 87' lang='lat' dir='ltr'><strong>sores</strong></span> <span class='ocrx_word' id='word_1_223' title='bbox 305 3733 387 3794; x_wconf 92' lang='lat' dir='ltr'><strong>iuris</strong></span> <span class='ocrx_word' id='word_1_224' title='bbox 411 3733 544 3812; x_wconf 73' lang='lat' dir='ltr'><strong>peritos</strong></span> <span class='ocrx_word' id='word_1_225' title='bbox 569 3735 690 3814; x_wconf 92' lang='lat' dir='ltr'><strong>quibus</strong></span> <span class='ocrx_word' id='word_1_226' title='bbox 721 3735 854 3816; x_wconf 90' lang='lat' dir='ltr'><strong>indiget,</strong></span> <span class='ocrx_word' id='word_1_227' title='bbox 880 3747 990 3813; x_wconf 88' lang='lat' dir='ltr'><strong>preter</strong></span> <span class='ocrx_word' id='word_1_228' title='bbox 1014 3733 1153 3818; x_wconf 88' lang='lat' dir='ltr'><strong>Pragam</strong></span> <span class='ocrx_word' id='word_1_229' title='bbox 1186 3736 1311 3798; x_wconf 90' lang='lat' dir='ltr'><strong>habere</strong></span> <span class='ocrx_word' id='word_1_230' title='bbox 1335 3755 1402 3798; x_wconf 93' lang='lat' dir='ltr'><strong>non</strong></span> <span class='ocrx_word' id='word_1_231' title='bbox 1427 3743 1548 3814; x_wconf 86' lang='lat' dir='ltr'><strong>potest,</strong></span> <span class='ocrx_word' id='word_1_232' title='bbox 1573 3752 1636 3796; x_wconf 90' lang='lat' dir='ltr'><strong>nec</strong></span> 
     </span>
     <span class='ocr_line' id='line_1_27' title="bbox 190 3839 1636 3925; baseline 0.001 -25"><span class='ocrx_word' id='word_1_233' title='bbox 190 3839 365 3914; x_wconf 90' lang='lat' dir='ltr'><strong>credimus,</strong></span> <span class='ocrx_word' id='word_1_234' title='bbox 391 3839 482 3919; x_wconf 92' lang='lat' dir='ltr'><strong>quod</strong></span> <span class='ocrx_word' id='word_1_235' title='bbox 507 3849 644 3919; x_wconf 92' lang='lat' dir='ltr'><strong>propter</strong></span> <span class='ocrx_word' id='word_1_236' title='bbox 668 3839 748 3902; x_wconf 91' lang='lat' dir='ltr'><strong>illud</strong></span> <span class='ocrx_word' id='word_1_237' title='bbox 773 3843 950 3924; x_wconf 91' lang='lat' dir='ltr'><strong>negocium</strong></span> <span class='ocrx_word' id='word_1_238' title='bbox 975 3843 1082 3904; x_wconf 90' lang='lat' dir='ltr'><strong>abbas</strong></span> <span class='ocrx_word' id='word_1_239' title='bbox 1105 3843 1177 3923; x_wconf 91' lang='lat' dir='ltr'><strong>ipse</strong></span> <span class='ocrx_word' id='word_1_240' title='bbox 1194 3842 1334 3925; x_wconf 87' lang='lat' dir='ltr'><strong>Pragam</strong></span> <span class='ocrx_word' id='word_1_241' title='bbox 1359 3844 1451 3905; x_wconf 87' lang='lat' dir='ltr'><strong>adire</strong></span> <span class='ocrx_word' id='word_1_242' title='bbox 1475 3842 1561 3916; x_wconf 86' lang='lat' dir='ltr'><strong>velit,</strong></span> <span class='ocrx_word' id='word_1_243' title='bbox 1585 3839 1636 3902; x_wconf 86' lang='lat' dir='ltr'><strong>vel</strong></span> 
     </span>
     <span class='ocr_line' id='line_1_28' title="bbox 189 3946 1635 4029; baseline 0.001 -22"><span class='ocrx_word' id='word_1_244' title='bbox 189 3947 268 4008; x_wconf 89' lang='lat' dir='ltr'><strong>alius</strong></span> <span class='ocrx_word' id='word_1_245' title='bbox 293 3947 373 4009; x_wconf 91' lang='lat' dir='ltr'><strong>iuris</strong></span> <span class='ocrx_word' id='word_1_246' title='bbox 397 3949 523 4024; x_wconf 90' lang='lat' dir='ltr'><strong>peritus</strong></span> <span class='ocrx_word' id='word_1_247' title='bbox 543 3955 639 4008; x_wconf 86' lang='lat' dir='ltr'><strong>extra</strong></span> <span class='ocrx_word' id='word_1_248' title='bbox 657 3946 797 4029; x_wconf 90' lang='lat' dir='ltr'><strong>Pragam</strong></span> <span class='ocrx_word' id='word_1_249' title='bbox 814 3949 856 4010; x_wconf 91' lang='lat' dir='ltr'><strong>ad</strong></span> <span class='ocrx_word' id='word_1_250' title='bbox 874 3969 972 4012; x_wconf 91' lang='lat' dir='ltr'><strong>suum</strong></span> <span class='ocrx_word' id='word_1_251' title='bbox 996 3954 1235 4014; x_wconf 88' lang='lat' dir='ltr'><strong>monasterium</strong></span> <span class='ocrx_word' id='word_1_252' title='bbox 1260 3959 1317 4012; x_wconf 89' lang='lat' dir='ltr'><strong>aut</strong></span> <span class='ocrx_word' id='word_1_253' title='bbox 1341 3951 1384 4013; x_wconf 85' lang='lat' dir='ltr'><strong>ad</strong></span> <span class='ocrx_word' id='word_1_254' title='bbox 1405 3952 1515 4013; x_wconf 90' lang='lat' dir='ltr'><strong>locum</strong></span> <span class='ocrx_word' id='word_1_255' title='bbox 1536 3949 1635 4011; x_wconf 91' lang='lat' dir='ltr'><strong>aliurn</strong></span> 
     </span>
     <span class='ocr_line' id='line_1_29' title="bbox 189 4051 1634 4140; baseline 0.002 -27"><span class='ocrx_word' id='word_1_256' title='bbox 189 4051 365 4116; x_wconf 86' lang='lat' dir='ltr'><strong>declinare.</strong></span> <span class='ocrx_word' id='word_1_257' title='bbox 390 4051 490 4116; x_wconf 90' lang='lat' dir='ltr'><strong>Unde</strong></span> <span class='ocrx_word' id='word_1_258' title='bbox 510 4053 640 4116; x_wconf 90' lang='lat' dir='ltr'><strong>videtur</strong></span> <span class='ocrx_word' id='word_1_259' title='bbox 663 4055 760 4118; x_wconf 91' lang='lat' dir='ltr'><strong>nobis</strong></span> <span class='ocrx_word' id='word_1_260' title='bbox 784 4055 894 4118; x_wconf 87' lang='lat' dir='ltr'><strong>utilius</strong></span> <span class='ocrx_word' id='word_1_261' title='bbox 919 4065 952 4118; x_wconf 93' lang='lat' dir='ltr'><strong>et</strong></span> <span class='ocrx_word' id='word_1_262' title='bbox 976 4058 1101 4133; x_wconf 91' lang='lat' dir='ltr'><strong>melius,</strong></span> <span class='ocrx_word' id='word_1_263' title='bbox 1122 4059 1213 4139; x_wconf 93' lang='lat' dir='ltr'><strong>quod</strong></span> <span class='ocrx_word' id='word_1_264' title='bbox 1239 4059 1414 4140; x_wconf 92' lang='lat' dir='ltr'><strong>negocium</strong></span> <span class='ocrx_word' id='word_1_265' title='bbox 1438 4067 1532 4119; x_wconf 86' lang='lat' dir='ltr'><strong>tuum</strong></span> <span class='ocrx_word' id='word_1_266' title='bbox 1552 4067 1634 4118; x_wconf 86' lang='lat' dir='ltr'><strong>trac·</strong></span> 
     </span>
     <span class='ocr_line' id='line_1_30' title="bbox 188 4159 1636 4246; baseline 0.002 -26"><span class='ocrx_word' id='word_1_267' title='bbox 188 4167 274 4221; x_wconf 86' lang='lat' dir='ltr'><strong>tetur</strong></span> <span class='ocrx_word' id='word_1_268' title='bbox 298 4159 412 4242; x_wconf 79' lang='lat' dir='ltr'><strong>Frage,</strong></span> <span class='ocrx_word' id='word_1_269' title='bbox 437 4159 494 4222; x_wconf 94' lang='lat' dir='ltr'><strong>ubi</strong></span> <span class='ocrx_word' id='word_1_270' title='bbox 519 4171 630 4239; x_wconf 92' lang='lat' dir='ltr'><strong>potest</strong></span> <span class='ocrx_word' id='word_1_271' title='bbox 653 4161 769 4224; x_wconf 88' lang='lat' dir='ltr'><strong>haberi</strong></span> <span class='ocrx_word' id='word_1_272' title='bbox 793 4163 870 4225; x_wconf 92' lang='lat' dir='ltr'><strong>iuris</strong></span> <span class='ocrx_word' id='word_1_273' title='bbox 895 4165 993 4243; x_wconf 86' lang='lat' dir='ltr'><strong>copia</strong></span> <span class='ocrx_word' id='word_1_274' title='bbox 1010 4169 1204 4246; x_wconf 90' lang='lat' dir='ltr'><strong>peritorum,</strong></span> <span class='ocrx_word' id='word_1_275' title='bbox 1224 4175 1258 4227; x_wconf 92' lang='lat' dir='ltr'><strong>et</strong></span> <span class='ocrx_word' id='word_1_276' title='bbox 1278 4165 1333 4226; x_wconf 91' lang='lat' dir='ltr'><strong>ubi</strong></span> <span class='ocrx_word' id='word_1_277' title='bbox 1355 4167 1453 4226; x_wconf 90' lang='lat' dir='ltr'><strong>etiam</strong></span> <span class='ocrx_word' id='word_1_278' title='bbox 1478 4181 1636 4242; x_wconf 78' lang='lat' dir='ltr'><strong>procura·-</strong></span> 
     </span>
     <span class='ocr_line' id='line_1_31' title="bbox 188 4267 1634 4348; baseline 0.003 -21"><span class='ocrx_word' id='word_1_279' title='bbox 188 4277 295 4328; x_wconf 90' lang='lat' dir='ltr'><strong>torem</strong></span> <span class='ocrx_word' id='word_1_280' title='bbox 326 4267 497 4344; x_wconf 91' lang='lat' dir='ltr'><strong>ydoneum</strong></span> <span class='ocrx_word' id='word_1_281' title='bbox 532 4267 657 4330; x_wconf 89' lang='lat' dir='ltr'><strong>habere</strong></span> <span class='ocrx_word' id='word_1_282' title='bbox 688 4273 814 4348; x_wconf 91' lang='lat' dir='ltr'><strong>poteris</strong></span> <span class='ocrx_word' id='word_1_283' title='bbox 846 4271 921 4332; x_wconf 93' lang='lat' dir='ltr'><strong>loco</strong></span> <span class='ocrx_word' id='word_1_284' title='bbox 953 4274 1002 4333; x_wconf 93' lang='lat' dir='ltr'><strong>tui</strong></span> <span class='ocrx_word' id='word_1_285' title='bbox 1033 4272 1076 4333; x_wconf 94' lang='lat' dir='ltr'><strong>ad</strong></span> <span class='ocrx_word' id='word_1_286' title='bbox 1110 4291 1246 4336; x_wconf 90' lang='lat' dir='ltr'><strong>causam</strong></span> <span class='ocrx_word' id='word_1_287' title='bbox 1282 4283 1374 4335; x_wconf 86' lang='lat' dir='ltr'><strong>tuam</strong></span> <span class='ocrx_word' id='word_1_288' title='bbox 1406 4281 1439 4333; x_wconf 89' lang='lat' dir='ltr'><strong>et</strong></span> <span class='ocrx_word' id='word_1_289' title='bbox 1471 4272 1634 4333; x_wconf 90' lang='lat' dir='ltr'><strong>iusticiam</strong></span> 
     </span>
     <span class='ocr_line' id='line_1_32' title="bbox 189 4372 1567 4450; baseline 0.003 -16"><span class='ocrx_word' id='word_1_290' title='bbox 189 4372 442 4450; x_wconf 81' lang='lat' dir='ltr'><strong>defendendam,</strong></span> <span class='ocrx_word' id='word_1_291' title='bbox 467 4381 501 4434; x_wconf 92' lang='lat' dir='ltr'><strong>et</strong></span> <span class='ocrx_word' id='word_1_292' title='bbox 526 4373 590 4436; x_wconf 93' lang='lat' dir='ltr'><strong>hoc</strong></span> <span class='ocrx_word' id='word_1_293' title='bbox 614 4385 674 4438; x_wconf 87' lang='lat' dir='ltr'><strong>tuo</strong></span> <span class='ocrx_word' id='word_1_294' title='bbox 699 4377 835 4439; x_wconf 89' lang='lat' dir='ltr'><strong>arbitrio</strong></span> <span class='ocrx_word' id='word_1_295' title='bbox 860 4378 1018 4441; x_wconf 87' lang='lat' dir='ltr'><strong>duximus</strong></span> <span class='ocrx_word' id='word_1_296' title='bbox 1044 4380 1332 4442; x_wconf 87' lang='lat' dir='ltr'><strong>committendum.</strong></span> <span class='ocrx_word' id='word_1_297' title='bbox 1357 4379 1480 4440; x_wconf 91' lang='lat' dir='ltr'><strong>Datum</strong></span> <span class='ocrx_word' id='word_1_298' title='bbox 1506 4388 1567 4440; x_wconf 90' lang='lat' dir='ltr'><strong>etc.</strong></span> 
     </span>
    </p>
   </div>
   <div class='ocr_carea' id='block_1_8' title="bbox 189 4545 1634 4693">
    <p class='ocr_par' dir='ltr' id='par_1_8' title="bbox 189 4545 1634 4693">
     <span class='ocr_line' id='line_1_33' title="bbox 295 4545 1634 4623; baseline 0.004 -24"><span class='ocrx_word' id='word_1_299' title='bbox 295 4545 354 4600; x_wconf 81' lang='lat' dir='ltr'><strong>Fol.</strong></span> <span class='ocrx_word' id='word_1_300' title='bbox 375 4551 410 4600; x_wconf 87' lang='lat'><strong>19</strong></span> <span class='ocrx_word' id='word_1_301' title='bbox 429 4547 453 4600; x_wconf 78' lang='grc' dir='ltr'><strong>ὅ.</strong></span> <span class='ocrx_word' id='word_1_302' title='bbox 475 4551 534 4610; x_wconf 83' lang='grc'><strong>128,</strong></span> <span class='ocrx_word' id='word_1_303' title='bbox 554 4548 598 4602; x_wconf 77' lang='lat' dir='ltr'><strong>tel</strong></span> <span class='ocrx_word' id='word_1_304' title='bbox 619 4565 636 4601; x_wconf 85' lang='lat' dir='ltr'>v</span> <span class='ocrx_word' id='word_1_305' title='bbox 656 4551 793 4618; x_wconf 89' lang='lat' dir='ltr'><strong>rukopise</strong></span> <span class='ocrx_word' id='word_1_306' title='bbox 813 4551 943 4620; x_wconf 83' lang='lat' dir='ltr'><strong>kapituly</strong></span> <span class='ocrx_word' id='word_1_307' title='bbox 958 4553 1105 4621; x_wconf 79' lang='lat' dir='ltr'><strong>PraislreJ</strong></span> <span class='ocrx_word' id='word_1_308' title='bbox 1119 4551 1165 4606; x_wconf 77' lang='lat'><strong>40¹²</strong></span> <span class='ocrx_word' id='word_1_309' title='bbox 1184 4553 1231 4607; x_wconf 85' lang='lat' dir='ltr'><strong>fol.</strong></span> <span class='ocrx_word' id='word_1_310' title='bbox 1252 4557 1312 4608; x_wconf 88' lang='lat'><strong>278.</strong></span> <span class='ocrx_word' id='word_1_311' title='bbox 1333 4552 1359 4607; x_wconf 93' lang='grc' dir='ltr'>Ο</span> <span class='ocrx_word' id='word_1_312' title='bbox 1379 4553 1634 4623; x_wconf 78' lang='lat' dir='ltr'><strong>chronologickem</strong></span> 
     </span>
     <span class='ocr_line' id='line_1_34' title="bbox 189 4635 812 4693; baseline 0.008 -5"><span class='ocrx_word' id='word_1_313' title='bbox 189 4635 319 4690; x_wconf 88' lang='lat' dir='ltr'><strong>omezeni</strong></span> <span class='ocrx_word' id='word_1_314' title='bbox 338 4637 440 4690; x_wconf 88' lang='lat' dir='ltr'><strong>rokem</strong></span> <span class='ocrx_word' id='word_1_315' title='bbox 461 4641 529 4691; x_wconf 84' lang='lat'>1290</span> <span class='ocrx_word' id='word_1_316' title='bbox 549 4653 624 4693; x_wconf 90' lang='lat' dir='ltr'><strong>srov.</strong></span> <span class='ocrx_word' id='word_1_317' title='bbox 645 4639 725 4693; x_wconf 79' lang='lat' dir='ltr'><strong>duod</strong></span> <span class='ocrx_word' id='word_1_318' title='bbox 744 4639 768 4693; x_wconf 92' lang='lat'><strong>11</strong></span> <span class='ocrx_word' id='word_1_319' title='bbox 788 4645 812 4693; x_wconf 84' lang='grc'><strong>3.</strong></span> 
     </span>
    </p>
   </div>
   <div class='ocr_carea' id='block_1_9' title="bbox 299 4746 587 4824">
    <p class='ocr_par' dir='ltr' id='par_1_9' title="bbox 299 4746 587 4824">
     <span class='ocr_line' id='line_1_35' title="bbox 299 4746 587 4824; baseline 0.014 -13"><span class='ocrx_word' id='word_1_320' title='bbox 299 4759 319 4824; x_wconf 85' lang='lat'><strong>¹)</strong></span> <span class='ocrx_word' id='word_1_321' title='bbox 339 4746 403 4813; x_wconf 81' lang='lat' dir='ltr'><strong>Usti</strong></span> <span class='ocrx_word' id='word_1_322' title='bbox 422 4777 448 4814; x_wconf 90' lang='lat' dir='ltr'><strong>n.</strong></span> <span class='ocrx_word' id='word_1_323' title='bbox 469 4760 587 4815; x_wconf 89' lang='lat' dir='ltr'><strong>Labem.</strong></span> 
     </span>
    </p>
   </div>
   <div class='ocr_carea' id='block_1_10' title="bbox 188 5063 1633 5296">
    <p class='ocr_par' dir='ltr' id='par_1_10' title="bbox 188 5063 1633 5296">
     <span class='ocr_line' id='line_1_36' title="bbox 295 5063 1632 5141; baseline 0.008 -25"><span class='ocrx_word' id='word_1_324' title='bbox 295 5065 323 5129; x_wconf 78' lang='lat' dir='ltr'><strong>a)</strong></span> <span class='ocrx_word' id='word_1_325' title='bbox 343 5063 498 5133; x_wconf 70' lang='lat' dir='ltr'><strong>Doplndno</strong></span> <span class='ocrx_word' id='word_1_326' title='bbox 524 5065 571 5118; x_wconf 88' lang='lat' dir='ltr'><strong>dle</strong></span> <span class='ocrx_word' id='word_1_327' title='bbox 598 5065 668 5135; x_wconf 87' lang='lat' dir='ltr'><strong>Kap.</strong></span> <span class='ocrx_word' id='word_1_328' title='bbox 688 5067 710 5135; x_wconf 91' lang='lat' dir='ltr'><strong>J.</strong></span> <span class='ocrx_word' id='word_1_329' title='bbox 739 5097 771 5106; x_wconf 96' lang='lat'>—</span> <span class='ocrx_word' id='word_1_330' title='bbox 801 5067 831 5138; x_wconf 89' lang='lat' dir='ltr'><strong>b)</strong></span> <span class='ocrx_word' id='word_1_331' title='bbox 851 5071 971 5130; x_wconf 90' lang='lat' dir='ltr'><strong>,eorum‘</strong></span> <span class='ocrx_word' id='word_1_332' title='bbox 991 5069 1062 5138; x_wconf 88' lang='lat' dir='ltr'><strong>Kap.</strong></span> <span class='ocrx_word' id='word_1_333' title='bbox 1080 5069 1103 5138; x_wconf 91' lang='lat' dir='ltr'><strong>J.</strong></span> <span class='ocrx_word' id='word_1_334' title='bbox 1132 5099 1165 5110; x_wconf 96' lang='lat'>-</span> <span class='ocrx_word' id='word_1_335' title='bbox 1195 5070 1222 5136; x_wconf 87' lang='lat' dir='ltr'><strong>c)</strong></span> <span class='ocrx_word' id='word_1_336' title='bbox 1242 5071 1304 5136; x_wconf 86' lang='lat' dir='ltr'><strong>,Ex¹</strong></span> <span class='ocrx_word' id='word_1_337' title='bbox 1324 5071 1373 5134; x_wconf 92' lang='lat' dir='ltr'><strong>In.,</strong></span> <span class='ocrx_word' id='word_1_338' title='bbox 1393 5071 1447 5136; x_wconf 87' lang='lat' dir='ltr'><strong>,Et‘</strong></span> <span class='ocrx_word' id='word_1_339' title='bbox 1465 5073 1539 5139; x_wconf 82' lang='lat' dir='ltr'><strong>Kap.</strong></span> <span class='ocrx_word' id='word_1_340' title='bbox 1558 5071 1580 5141; x_wconf 89' lang='lat' dir='ltr'><strong>J.</strong></span> <span class='ocrx_word' id='word_1_341' title='bbox 1601 5101 1632 5110; x_wconf 96' lang='lat'>-</span> 
     </span>
     <span class='ocr_line' id='line_1_37' title="bbox 188 5149 1633 5296; baseline 0.006 -91"><span class='ocrx_word' id='word_1_342' title='bbox 188 5149 303 5296; x_wconf 38' lang='lat' dir='ltr'><strong>evil&amp;¹</strong></span> <span class='ocrx_word' id='word_1_343' title='bbox 321 5153 426 5294; x_wconf 54' lang='lat' dir='ltr'><strong>lippi</strong></span> <span class='ocrx_word' id='word_1_344' title='bbox 454 5183 486 5193; x_wconf 93' lang='lat'><em>-</em></span> <span class='ocrx_word' id='word_1_345' title='bbox 513 5155 540 5222; x_wconf 88' lang='lat' dir='ltr'><strong>e)</strong></span> <span class='ocrx_word' id='word_1_346' title='bbox 560 5157 602 5216; x_wconf 89' lang='lat' dir='ltr'><strong>,R‘</strong></span> <span class='ocrx_word' id='word_1_347' title='bbox 623 5155 727 5224; x_wconf 78' lang='lat' dir='ltr'><strong>Kapl.</strong></span> <span class='ocrx_word' id='word_1_348' title='bbox 757 5185 790 5196; x_wconf 85' lang='lat'><strong>·-</strong></span> <span class='ocrx_word' id='word_1_349' title='bbox 820 5156 965 5226; x_wconf 70' lang='lat' dir='ltr'><strong>OSchazi</strong></span> <span class='ocrx_word' id='word_1_350' title='bbox 989 5176 1008 5212; x_wconf 90' lang='lat' dir='ltr'>v</span> <span class='ocrx_word' id='word_1_351' title='bbox 1029 5159 1100 5227; x_wconf 85' lang='lat' dir='ltr'><strong>Kap.</strong></span> <span class='ocrx_word' id='word_1_352' title='bbox 1114 5159 1136 5227; x_wconf 88' lang='lat' dir='ltr'><strong>J.</strong></span> <span class='ocrx_word' id='word_1_353' title='bbox 1164 5189 1195 5200; x_wconf 91' lang='lat'>-</span> <span class='ocrx_word' id='word_1_354' title='bbox 1222 5161 1251 5230; x_wconf 86' lang='lat' dir='ltr'><strong>g)</strong></span> <span class='ocrx_word' id='word_1_355' title='bbox 1277 5160 1317 5222; x_wconf 86' lang='lat' dir='ltr'><strong>,C‘</strong></span> <span class='ocrx_word' id='word_1_356' title='bbox 1338 5161 1407 5229; x_wconf 87' lang='lat' dir='ltr'><strong>Kap.</strong></span> <span class='ocrx_word' id='word_1_357' title='bbox 1421 5161 1442 5230; x_wconf 88' lang='lat' dir='ltr'><strong>J.</strong></span> <span class='ocrx_word' id='word_1_358' title='bbox 1464 5189 1495 5200; x_wconf 90' lang='lat'>-</span> <span class='ocrx_word' id='word_1_359' title='bbox 1516 5159 1545 5229; x_wconf 87' lang='lat' dir='ltr'><strong>h)</strong></span> <span class='ocrx_word' id='word_1_360' title='bbox 1565 5167 1633 5222; x_wconf 87' lang='lat' dir='ltr'><strong>,tuo‘</strong></span> 
     </span>
    </p>
   </div>
   <div class='ocr_carea' id='block_1_11' title="bbox 0 0 1988 5848">
    <p class='ocr_par' dir='ltr' id='par_1_11' title="bbox 0 0 1988 5848">
     <span class='ocr_line' id='line_1_38' title="bbox 0 0 1988 5848; baseline 0 3"><span class='ocrx_word' id='word_1_361' title='bbox 0 0 1988 5848; x_wconf 95' lang='lat' dir='ltr'><strong> </strong></span> 
     </span>
    </p>
   </div>
  </div>
 </body>
</html>
