<?xml version="1.0" encoding="UTF-8"?>
<!DOCTYPE html PUBLIC "-//W3C//DTD XHTML 1.0 Transitional//EN"
    "http://www.w3.org/TR/xhtml1/DTD/xhtml1-transitional.dtd">
<html xmlns="http://www.w3.org/1999/xhtml" xml:lang="en" lang="en">
 <head>
  <title>
</title>
<meta http-equiv="Content-Type" content="text/html;charset=utf-8" />
  <meta name='ocr-system' content='tesseract 3.04.00' />
  <meta name='ocr-capabilities' content='ocr_page ocr_carea ocr_par ocr_line ocrx_word'/>
</head>
<body>
  <div class='ocr_page' id='page_1' title='image "./formulbiskupato00novgoog_0220.png"; bbox 0 0 3988 5844; ppageno 0'>
   <div class='ocr_carea' id='block_1_1' title="bbox 1044 347 1095 397">
    <p class='ocr_par' dir='ltr' id='par_1_1' title="bbox 1044 347 1095 397">
     <span class='ocr_line' id='line_1_1' title="bbox 1044 347 1095 397; baseline 0.02 -1"><span class='ocrx_word' id='word_1_1' title='bbox 1044 347 1095 397; x_wconf 87' lang='grc'>178</span> 
     </span>
    </p>
   </div>
   <div class='ocr_carea' id='block_1_2' title="bbox 348 556 1795 895">
    <p class='ocr_par' dir='ltr' id='par_1_2' title="bbox 348 556 1795 895">
     <span class='ocr_line' id='line_1_2' title="bbox 349 556 1795 628; baseline -0.002 -14"><span class='ocrx_word' id='word_1_2' title='bbox 349 559 425 614; x_wconf 71' lang='grc' dir='ltr'><strong>Ιινέῖ.</strong></span> <span class='ocrx_word' id='word_1_3' title='bbox 446 562 480 612; x_wconf 89' lang='grc'>28</span> <span class='ocrx_word' id='word_1_4' title='bbox 500 573 532 612; x_wconf 87' lang='lat' dir='ltr'>se</span> <span class='ocrx_word' id='word_1_5' title='bbox 548 559 701 628; x_wconf 86' lang='lat' dir='ltr'>vyskytuje</span> <span class='ocrx_word' id='word_1_6' title='bbox 720 557 880 628; x_wconf 82' lang='lat' dir='ltr'>naposledy</span> <span class='ocrx_word' id='word_1_7' title='bbox 901 557 1064 618; x_wconf 88' lang='lat' dir='ltr'>,Gotfridus</span> <span class='ocrx_word' id='word_1_8' title='bbox 1083 558 1249 626; x_wconf 85' lang='lat' dir='ltr'>prepositus</span> <span class='ocrx_word' id='word_1_9' title='bbox 1270 557 1430 626; x_wconf 83' lang='lat' dir='ltr'>Pragensis‘</span> <span class='ocrx_word' id='word_1_10' title='bbox 1450 556 1795 622; x_wconf 62' lang='lat' dir='ltr'>(remanentiam)</span> 
     </span>
     <span class='ocr_line' id='line_1_3' title="bbox 348 646 1794 716; baseline -0.001 -14"><span class='ocrx_word' id='word_1_11' title='bbox 348 650 421 702; x_wconf 90' lang='lat' dir='ltr'>roku</span> <span class='ocrx_word' id='word_1_12' title='bbox 434 651 503 701; x_wconf 83' lang='lat'>1285</span> <span class='ocrx_word' id='word_1_13' title='bbox 514 647 606 702; x_wconf 69' lang='lat' dir='ltr'>terve.</span> <span class='ocrx_word' id='word_1_14' title='bbox 617 651 651 702; x_wconf 85' lang='lat'>29</span> <span class='ocrx_word' id='word_1_15' title='bbox 665 651 776 716; x_wconf 78' lang='lat' dir='ltr'>poprve</span> <span class='ocrx_word' id='word_1_16' title='bbox 787 647 917 710; x_wconf 78' lang='lat' dir='ltr'>,Ulricus¹</span> <span class='ocrx_word' id='word_1_17' title='bbox 928 647 1036 712; x_wconf 79' lang='lat' dir='ltr'>(Emler</span> <span class='ocrx_word' id='word_1_18' title='bbox 1046 647 1103 702; x_wconf 89' lang='lat' dir='ltr'>RB.</span> <span class='ocrx_word' id='word_1_19' title='bbox 1114 647 1138 700; x_wconf 97' lang='lat' dir='ltr'>ll</span> <span class='ocrx_word' id='word_1_20' title='bbox 1149 647 1173 700; x_wconf 75' lang='lat' dir='ltr'>d.</span> <span class='ocrx_word' id='word_1_21' title='bbox 1185 648 1274 712; x_wconf 85' lang='grc'><strong>1353).</strong></span> <span class='ocrx_word' id='word_1_22' title='bbox 1285 646 1451 700; x_wconf 89' lang='lat' dir='ltr'>Terminem</span> <span class='ocrx_word' id='word_1_23' title='bbox 1463 646 1501 699; x_wconf 88' lang='lat' dir='ltr'>ad</span> <span class='ocrx_word' id='word_1_24' title='bbox 1514 661 1601 714; x_wconf 89' lang='lat' dir='ltr'>quem</span> <span class='ocrx_word' id='word_1_25' title='bbox 1613 647 1642 716; x_wconf 85' lang='lat' dir='ltr'>je</span> <span class='ocrx_word' id='word_1_26' title='bbox 1659 648 1712 700; x_wconf 83' lang='lat' dir='ltr'>rolr</span> <span class='ocrx_word' id='word_1_27' title='bbox 1723 649 1794 701; x_wconf 83' lang='grc'><strong>1289</strong></span> 
     </span>
     <span class='ocr_line' id='line_1_4' title="bbox 348 735 1795 807; baseline -0.001 -17"><span class='ocrx_word' id='word_1_28' title='bbox 348 739 433 792; x_wconf 87' lang='lat' dir='ltr'>leden</span> <span class='ocrx_word' id='word_1_29' title='bbox 455 743 494 798; x_wconf 92' lang='lat'>10,</span> <span class='ocrx_word' id='word_1_30' title='bbox 515 738 553 791; x_wconf 92' lang='lat' dir='ltr'>od</span> <span class='ocrx_word' id='word_1_31' title='bbox 574 739 656 791; x_wconf 77' lang='lat' dir='ltr'>ktere</span> <span class='ocrx_word' id='word_1_32' title='bbox 675 738 754 807; x_wconf 87' lang='lat' dir='ltr'>doby</span> <span class='ocrx_word' id='word_1_33' title='bbox 774 738 864 791; x_wconf 87' lang='lat' dir='ltr'>trvale</span> <span class='ocrx_word' id='word_1_34' title='bbox 882 739 910 806; x_wconf 91' lang='lat' dir='ltr'>je</span> <span class='ocrx_word' id='word_1_35' title='bbox 930 737 1097 805; x_wconf 87' lang='lat' dir='ltr'>purkrablm</span> <span class='ocrx_word' id='word_1_36' title='bbox 1117 753 1153 790; x_wconf 89' lang='lat' dir='ltr'>na</span> <span class='ocrx_word' id='word_1_37' title='bbox 1173 737 1299 792; x_wconf 75' lang='lat' dir='ltr'>Zvikove</span> <span class='ocrx_word' id='word_1_38' title='bbox 1318 735 1412 790; x_wconf 86' lang='lat' dir='ltr'>Bavor</span> <span class='ocrx_word' id='word_1_39' title='bbox 1431 751 1464 790; x_wconf 84' lang='lat' dir='ltr'>ze</span> <span class='ocrx_word' id='word_1_40' title='bbox 1484 735 1646 789; x_wconf 86' lang='lat' dir='ltr'>Strakonie.</span> <span class='ocrx_word' id='word_1_41' title='bbox 1675 735 1795 802; x_wconf 85' lang='lat' dir='ltr'>(Emler,</span> 
     </span>
     <span class='ocr_line' id='line_1_5' title="bbox 348 825 575 895; baseline -0.004 -14"><span class='ocrx_word' id='word_1_42' title='bbox 348 827 405 881; x_wconf 89' lang='lat' dir='ltr'>RB.</span> <span class='ocrx_word' id='word_1_43' title='bbox 416 827 438 880; x_wconf 96' lang='lat' dir='ltr'>ll</span> <span class='ocrx_word' id='word_1_44' title='bbox 449 827 474 880; x_wconf 81' lang='grc' dir='ltr'>ὄ.</span> <span class='ocrx_word' id='word_1_45' title='bbox 487 825 575 895; x_wconf 82' lang='grc'><strong>1466).</strong></span> 
     </span>
    </p>
   </div>
   <div class='ocr_carea' id='block_1_3' title="bbox 347 933 1843 1110">
    <p class='ocr_par' dir='ltr' id='par_1_3' title="bbox 347 933 1843 1110">
     <span class='ocr_line' id='line_1_6' title="bbox 459 933 1843 1022; baseline -0.006 -16"><span class='ocrx_word' id='word_1_46' title='bbox 459 953 478 1022; x_wconf 85' lang='lat'>¹)</span> <span class='ocrx_word' id='word_1_47' title='bbox 497 953 523 1006; x_wconf 95' lang='grc' dir='ltr'>Ο</span> <span class='ocrx_word' id='word_1_48' title='bbox 543 955 648 1008; x_wconf 86' lang='lat' dir='ltr'>kterou</span> <span class='ocrx_word' id='word_1_49' title='bbox 667 951 779 1006; x_wconf 89' lang='lat' dir='ltr'>Slatinu</span> <span class='ocrx_word' id='word_1_50' title='bbox 798 967 817 1003; x_wconf 95' lang='lat' dir='ltr'>v</span> <span class='ocrx_word' id='word_1_51' title='bbox 836 933 971 1005; x_wconf 69' lang='lat' dir='ltr'>Cechach</span> <span class='ocrx_word' id='word_1_52' title='bbox 991 950 1045 1004; x_wconf 83' lang='lat' dir='ltr'>ade</span> <span class='ocrx_word' id='word_1_53' title='bbox 1061 950 1120 1020; x_wconf 87' lang='lat' dir='ltr'>jde,</span> <span class='ocrx_word' id='word_1_54' title='bbox 1140 950 1246 1019; x_wconf 85' lang='lat' dir='ltr'>nebylo</span> <span class='ocrx_word' id='word_1_55' title='bbox 1264 949 1368 1002; x_wconf 80' lang='lat' dir='ltr'>moino</span> <span class='ocrx_word' id='word_1_56' title='bbox 1394 949 1499 1018; x_wconf 84' lang='lat' dir='ltr'>zjistiti.</span> <span class='ocrx_word' id='word_1_57' title='bbox 1528 978 1561 986; x_wconf 98' lang='lat'>-</span> <span class='ocrx_word' id='word_1_58' title='bbox 1593 947 1614 1014; x_wconf 75' lang='lat' dir='ltr'>&#39;t</span> <span class='ocrx_word' id='word_1_59' title='bbox 1637 949 1696 1004; x_wconf 89' lang='lat' dir='ltr'>Zda</span> <span class='ocrx_word' id='word_1_60' title='bbox 1713 949 1743 1018; x_wconf 88' lang='lat' dir='ltr'>je</span> <span class='ocrx_word' id='word_1_61' title='bbox 1762 957 1795 1004; x_wconf 94' lang='lat' dir='ltr'>to</span> <span class='ocrx_word' id='word_1_62' title='bbox 1839 991 1843 998; x_wconf 87' lang='lat'><em>.</em></span> 
     </span>
     <span class='ocr_line' id='line_1_7' title="bbox 347 1037 1546 1110; baseline -0.004 -14"><span class='ocrx_word' id='word_1_63' title='bbox 347 1044 546 1097; x_wconf 85' lang='lat' dir='ltr'>akomolenina</span> <span class='ocrx_word' id='word_1_64' title='bbox 566 1041 696 1110; x_wconf 76' lang='lat' dir='ltr'>plsaislra</span> <span class='ocrx_word' id='word_1_65' title='bbox 715 1041 771 1094; x_wconf 88' lang='lat' dir='ltr'>neb</span> <span class='ocrx_word' id='word_1_66' title='bbox 792 1041 895 1110; x_wconf 73' lang='lat' dir='ltr'>neJalra</span> <span class='ocrx_word' id='word_1_67' title='bbox 913 1039 1027 1093; x_wconf 74' lang='lat' dir='ltr'>zanikld</span> <span class='ocrx_word' id='word_1_68' title='bbox 1046 1039 1120 1092; x_wconf 85' lang='lat' dir='ltr'>obec</span> <span class='ocrx_word' id='word_1_69' title='bbox 1140 1039 1211 1092; x_wconf 91' lang='lat' dir='ltr'>toho</span> <span class='ocrx_word' id='word_1_70' title='bbox 1229 1040 1332 1108; x_wconf 79' lang='lat' dir='ltr'>Jmena,</span> <span class='ocrx_word' id='word_1_71' title='bbox 1353 1039 1434 1092; x_wconf 87' lang='lat' dir='ltr'>nelze</span> <span class='ocrx_word' id='word_1_72' title='bbox 1454 1037 1546 1092; x_wconf 75' lang='lat' dir='ltr'>urbiti.</span> 
     </span>
    </p>
   </div>
   <div class='ocr_carea' id='block_1_4' title="bbox 350 1293 1792 1676">
    <p class='ocr_par' dir='ltr' id='par_1_4' title="bbox 350 1293 1792 1676">
     <span class='ocr_line' id='line_1_8' title="bbox 1032 1293 1106 1356; baseline -0.014 0"><span class='ocrx_word' id='word_1_73' title='bbox 1032 1293 1106 1356; x_wconf 84' lang='lat'>234.</span> 
     </span>
     <span class='ocr_line' id='line_1_9' title="bbox 350 1434 1792 1519; baseline -0.001 -21"><span class='ocrx_word' id='word_1_74' title='bbox 350 1437 473 1518; x_wconf 70' lang='lat' dir='ltr'>stkup</span> <span class='ocrx_word' id='word_1_75' title='bbox 501 1434 643 1519; x_wconf 60' lang='lat' dir='ltr'>Nolim)</span> <span class='ocrx_word' id='word_1_76' title='bbox 674 1438 761 1500; x_wconf 77' lang='lat' dir='ltr'>dclvd</span> <span class='ocrx_word' id='word_1_77' title='bbox 775 1437 946 1518; x_wconf 81' lang='lat' dir='ltr'>jake&#39;musi</span> <span class='ocrx_word' id='word_1_78' title='bbox 974 1435 1118 1500; x_wconf 71' lang='lat' dir='ltr'>karateli</span> <span class='ocrx_word' id='word_1_79' title='bbox 1141 1439 1245 1516; x_wconf 80' lang='lat' dir='ltr'>pra‘vo</span> <span class='ocrx_word' id='word_1_80' title='bbox 1276 1435 1427 1498; x_wconf 77' lang='lat' dir='ltr'>udllovat</span> <span class='ocrx_word' id='word_1_81' title='bbox 1456 1434 1601 1499; x_wconf 69' lang='lat' dir='ltr'>deennz&#39;</span> <span class='ocrx_word' id='word_1_82' title='bbox 1627 1435 1792 1518; x_wconf 85' lang='lat' dir='ltr'>odpustky.</span> 
     </span>
     <span class='ocr_line' id='line_1_10' title="bbox 1403 1592 1683 1676; baseline 0 -18"><span class='ocrx_word' id='word_1_83' title='bbox 1403 1592 1683 1676; x_wconf 39' lang='lat'>(1279—129012).</span> 
     </span>
    </p>
   </div>
   <div class='ocr_carea' id='block_1_5' title="bbox 483 1737 1658 1928">
    <p class='ocr_par' dir='ltr' id='par_1_5' title="bbox 483 1737 1658 1928">
     <span class='ocr_line' id='line_1_11' title="bbox 483 1737 1658 1821; baseline -0.001 -19"><span class='ocrx_word' id='word_1_84' title='bbox 483 1740 547 1802; x_wconf 90' lang='lat' dir='ltr'>Hic</span> <span class='ocrx_word' id='word_1_85' title='bbox 572 1743 752 1821; x_wconf 90' lang='lat' dir='ltr'>episcopus</span> <span class='ocrx_word' id='word_1_86' title='bbox 777 1741 834 1802; x_wconf 94' lang='lat' dir='ltr'>dat</span> <span class='ocrx_word' id='word_1_87' title='bbox 858 1742 1092 1803; x_wconf 86' lang='lat' dir='ltr'>auctoritatem</span> <span class='ocrx_word' id='word_1_88' title='bbox 1121 1739 1219 1802; x_wconf 92' lang='lat' dir='ltr'>alicui</span> <span class='ocrx_word' id='word_1_89' title='bbox 1244 1738 1333 1802; x_wconf 91' lang='lat' dir='ltr'>fratri</span> <span class='ocrx_word' id='word_1_90' title='bbox 1359 1738 1461 1802; x_wconf 93' lang='lat' dir='ltr'>dandi</span> <span class='ocrx_word' id='word_1_91' title='bbox 1485 1737 1548 1800; x_wconf 94' lang='lat' dir='ltr'>XL</span> <span class='ocrx_word' id='word_1_92' title='bbox 1578 1739 1658 1816; x_wconf 80' lang='lat' dir='ltr'>dieS,</span> 
     </span>
     <span class='ocr_line' id='line_1_12' title="bbox 671 1846 1468 1928; baseline 0.001 -19"><span class='ocrx_word' id='word_1_93' title='bbox 671 1849 862 1928; x_wconf 85' lang='lat' dir='ltr'>ubicunqne</span> <span class='ocrx_word' id='word_1_94' title='bbox 887 1857 921 1910; x_wconf 90' lang='lat' dir='ltr'>et</span> <span class='ocrx_word' id='word_1_95' title='bbox 943 1847 1215 1928; x_wconf 88' lang='lat' dir='ltr'>quandocunque</span> <span class='ocrx_word' id='word_1_96' title='bbox 1240 1846 1468 1928; x_wconf 88' lang='lat' dir='ltr'>predicaverit.</span> 
     </span>
    </p>
   </div>
   <div class='ocr_carea' id='block_1_6' title="bbox 346 1985 1794 2287">
    <p class='ocr_par' dir='ltr' id='par_1_6' title="bbox 346 1985 1794 2287">
     <span class='ocr_line' id='line_1_13' title="bbox 455 1985 1793 2072; baseline -0.001 -20"><span class='ocrx_word' id='word_1_97' title='bbox 455 1985 650 2072; x_wconf 81' lang='lat' dir='ltr'>Th(obias)¹</span> <span class='ocrx_word' id='word_1_98' title='bbox 673 1989 727 2052; x_wconf 89' lang='lat' dir='ltr'>dei</span> <span class='ocrx_word' id='word_1_99' title='bbox 752 1999 814 2052; x_wconf 91' lang='lat' dir='ltr'>etc.</span> <span class='ocrx_word' id='word_1_100' title='bbox 842 1988 887 2052; x_wconf 91' lang='lat' dir='ltr'>Ut</span> <span class='ocrx_word' id='word_1_101' title='bbox 903 1989 1016 2052; x_wconf 89' lang='lat' dir='ltr'>oblata</span> <span class='ocrx_word' id='word_1_102' title='bbox 1040 2009 1178 2052; x_wconf 91' lang='lat' dir='ltr'>munera</span> <span class='ocrx_word' id='word_1_103' title='bbox 1195 1989 1238 2052; x_wconf 93' lang='lat' dir='ltr'>ad</span> <span class='ocrx_word' id='word_1_104' title='bbox 1256 1989 1457 2052; x_wconf 88' lang='lat' dir='ltr'>audiendam</span> <span class='ocrx_word' id='word_1_105' title='bbox 1482 1987 1684 2051; x_wconf 76' lang='lat' dir='ltr'>salutiferam</span> <span class='ocrx_word' id='word_1_106' title='bbox 1702 1989 1793 2050; x_wconf 88' lang='lat' dir='ltr'>verbi</span> 
     </span>
     <span class='ocr_line' id='line_1_14' title="bbox 347 2095 1794 2176; baseline -0.001 -16"><span class='ocrx_word' id='word_1_107' title='bbox 347 2100 402 2160; x_wconf 91' lang='lat' dir='ltr'>dei</span> <span class='ocrx_word' id='word_1_108' title='bbox 427 2098 613 2160; x_wconf 87' lang='lat' dir='ltr'>doctrinam</span> <span class='ocrx_word' id='word_1_109' title='bbox 637 2099 767 2160; x_wconf 89' lang='lat' dir='ltr'>animos</span> <span class='ocrx_word' id='word_1_110' title='bbox 784 2097 928 2160; x_wconf 88' lang='lat' dir='ltr'>alliciant</span> <span class='ocrx_word' id='word_1_111' title='bbox 951 2097 1148 2172; x_wconf 92' lang='lat' dir='ltr'>auditorum,</span> <span class='ocrx_word' id='word_1_112' title='bbox 1173 2115 1218 2157; x_wconf 91' lang='lat' dir='ltr'>ex</span> <span class='ocrx_word' id='word_1_113' title='bbox 1234 2117 1284 2171; x_wconf 90' lang='lat' dir='ltr'>e0,</span> <span class='ocrx_word' id='word_1_114' title='bbox 1307 2096 1400 2176; x_wconf 91' lang='lat' dir='ltr'>quod</span> <span class='ocrx_word' id='word_1_115' title='bbox 1424 2095 1536 2157; x_wconf 89' lang='lat' dir='ltr'>libenti</span> <span class='ocrx_word' id='word_1_116' title='bbox 1553 2100 1663 2158; x_wconf 90' lang='lat' dir='ltr'>animo</span> <span class='ocrx_word' id='word_1_117' title='bbox 1681 2096 1794 2158; x_wconf 90' lang='lat' dir='ltr'>confo-</span> 
     </span>
     <span class='ocr_line' id='line_1_15' title="bbox 346 2199 1793 2287; baseline 0.001 -23"><span class='ocrx_word' id='word_1_118' title='bbox 346 2224 462 2267; x_wconf 92' lang='lat' dir='ltr'>vemus</span> <span class='ocrx_word' id='word_1_119' title='bbox 486 2205 594 2287; x_wconf 82' lang='lat' dir='ltr'>gracie</span> <span class='ocrx_word' id='word_1_120' title='bbox 618 2213 731 2267; x_wconf 90' lang='lat' dir='ltr'>nostre</span> <span class='ocrx_word' id='word_1_121' title='bbox 755 2223 892 2267; x_wconf 89' lang='lat' dir='ltr'>munere</span> <span class='ocrx_word' id='word_1_122' title='bbox 917 2205 1095 2287; x_wconf 87' lang='lat' dir='ltr'>graciosos,</span> <span class='ocrx_word' id='word_1_123' title='bbox 1127 2213 1160 2265; x_wconf 94' lang='lat' dir='ltr'>et</span> <span class='ocrx_word' id='word_1_124' title='bbox 1183 2199 1242 2265; x_wconf 85' lang='lat' dir='ltr'>utb</span> <span class='ocrx_word' id='word_1_125' title='bbox 1262 2222 1323 2265; x_wconf 91' lang='lat' dir='ltr'>vos</span> <span class='ocrx_word' id='word_1_126' title='bbox 1347 2203 1408 2281; x_wconf 91' lang='lat' dir='ltr'>ipsi</span> <span class='ocrx_word' id='word_1_127' title='bbox 1432 2205 1652 2284; x_wconf 87' lang='lat' dir='ltr'>graciosiores</span> <span class='ocrx_word' id='word_1_128' title='bbox 1676 2203 1793 2266; x_wconf 89' lang='lat' dir='ltr'>haberi</span> 
     </span>
    </p>
   </div>
   <div class='ocr_carea' id='block_1_7' title="bbox 345 2310 1794 2910">
    <p class='ocr_par' dir='ltr' id='par_1_7' title="bbox 345 2310 1794 2910">
     <span class='ocr_line' id='line_1_16' title="bbox 348 2310 1793 2390; baseline 0 -17"><span class='ocrx_word' id='word_1_129' title='bbox 348 2315 491 2389; x_wconf 90' lang='lat' dir='ltr'>possitis,</span> <span class='ocrx_word' id='word_1_130' title='bbox 516 2314 543 2373; x_wconf 90' lang='lat' dir='ltr'>si</span> <span class='ocrx_word' id='word_1_131' title='bbox 566 2312 661 2373; x_wconf 93' lang='lat' dir='ltr'>vobis</span> <span class='ocrx_word' id='word_1_132' title='bbox 693 2331 752 2390; x_wconf 91' lang='lat' dir='ltr'>per</span> <span class='ocrx_word' id='word_1_133' title='bbox 783 2331 844 2373; x_wconf 92' lang='lat' dir='ltr'>nos</span> <span class='ocrx_word' id='word_1_134' title='bbox 880 2311 1110 2374; x_wconf 84' lang='lat' dir='ltr'>benefaciendi</span> <span class='ocrx_word' id='word_1_135' title='bbox 1145 2311 1326 2372; x_wconf 88' lang='lat' dir='ltr'>auctoritas</span> <span class='ocrx_word' id='word_1_136' title='bbox 1357 2310 1582 2386; x_wconf 86' lang='lat' dir='ltr'>confirmatur,</span> <span class='ocrx_word' id='word_1_137' title='bbox 1617 2311 1720 2386; x_wconf 76' lang='lat' dir='ltr'>vobiS,</span> <span class='ocrx_word' id='word_1_138' title='bbox 1756 2321 1793 2373; x_wconf 91' lang='lat' dir='ltr'>ut</span> 
     </span>
     <span class='ocr_line' id='line_1_17' title="bbox 346 2418 1794 2500; baseline -0.001 -19"><span class='ocrx_word' id='word_1_139' title='bbox 346 2424 641 2500; x_wconf 89' lang='lat' dir='ltr'>quocienscunque</span> <span class='ocrx_word' id='word_1_140' title='bbox 673 2431 705 2483; x_wconf 93' lang='lat' dir='ltr'>et</span> <span class='ocrx_word' id='word_1_141' title='bbox 729 2420 921 2500; x_wconf 90' lang='lat' dir='ltr'>ubicunque</span> <span class='ocrx_word' id='word_1_142' title='bbox 957 2423 989 2482; x_wconf 93' lang='lat' dir='ltr'>in</span> <span class='ocrx_word' id='word_1_143' title='bbox 1021 2429 1134 2481; x_wconf 91' lang='lat' dir='ltr'>nostra</span> <span class='ocrx_word' id='word_1_144' title='bbox 1170 2418 1307 2496; x_wconf 88' lang='lat' dir='ltr'>dyocesi</span> <span class='ocrx_word' id='word_1_145' title='bbox 1339 2419 1598 2497; x_wconf 90' lang='lat' dir='ltr'>predicaveritis,</span> <span class='ocrx_word' id='word_1_146' title='bbox 1635 2419 1794 2480; x_wconf 89' lang='lat' dir='ltr'>omnibus</span> 
     </span>
     <span class='ocr_line' id='line_1_18' title="bbox 345 2523 1791 2607; baseline -0.001 -19"><span class='ocrx_word' id='word_1_147' title='bbox 345 2547 420 2589; x_wconf 90' lang='lat' dir='ltr'>vere</span> <span class='ocrx_word' id='word_1_148' title='bbox 445 2527 669 2607; x_wconf 88' lang='lat' dir='ltr'>penitentibus</span> <span class='ocrx_word' id='word_1_149' title='bbox 693 2535 727 2588; x_wconf 92' lang='lat' dir='ltr'>et</span> <span class='ocrx_word' id='word_1_150' title='bbox 751 2526 919 2604; x_wconf 77' lang='lat' dir='ltr'>confessis,</span> <span class='ocrx_word' id='word_1_151' title='bbox 943 2548 962 2588; x_wconf 92' lang='lat' dir='ltr'>a</span> <span class='ocrx_word' id='word_1_152' title='bbox 986 2527 1081 2589; x_wconf 92' lang='lat' dir='ltr'>vobis</span> <span class='ocrx_word' id='word_1_153' title='bbox 1105 2527 1242 2588; x_wconf 90' lang='lat' dir='ltr'>verbum</span> <span class='ocrx_word' id='word_1_154' title='bbox 1266 2527 1321 2588; x_wconf 91' lang='lat' dir='ltr'>dei</span> <span class='ocrx_word' id='word_1_155' title='bbox 1337 2523 1542 2587; x_wconf 90' lang='lat' dir='ltr'>salutiferum</span> <span class='ocrx_word' id='word_1_156' title='bbox 1567 2525 1791 2599; x_wconf 84' lang='lat' dir='ltr'>audientibus,</span> 
     </span>
     <span class='ocr_line' id='line_1_19' title="bbox 345 2633 1792 2713; baseline -0.001 -18"><span class='ocrx_word' id='word_1_157' title='bbox 345 2633 408 2695; x_wconf 85' lang='lat' dir='ltr'>XL</span> <span class='ocrx_word' id='word_1_158' title='bbox 442 2635 514 2695; x_wconf 91' lang='lat' dir='ltr'>dies</span> <span class='ocrx_word' id='word_1_159' title='bbox 546 2635 589 2696; x_wconf 91' lang='lat' dir='ltr'>de</span> <span class='ocrx_word' id='word_1_160' title='bbox 624 2635 771 2696; x_wconf 92' lang='lat' dir='ltr'>iniuncta</span> <span class='ocrx_word' id='word_1_161' title='bbox 806 2634 867 2695; x_wconf 92' lang='lat' dir='ltr'>sibi</span> <span class='ocrx_word' id='word_1_162' title='bbox 899 2635 1088 2713; x_wconf 88' lang='lat' dir='ltr'>penitencia</span> <span class='ocrx_word' id='word_1_163' title='bbox 1124 2633 1276 2694; x_wconf 87' lang='lat' dir='ltr'>relaxare</span> <span class='ocrx_word' id='word_1_164' title='bbox 1311 2634 1454 2712; x_wconf 89' lang='lat' dir='ltr'>possitis,</span> <span class='ocrx_word' id='word_1_165' title='bbox 1490 2634 1689 2694; x_wconf 89' lang='lat' dir='ltr'>auctoritate</span> <span class='ocrx_word' id='word_1_166' title='bbox 1724 2652 1792 2712; x_wconf 91' lang='lat' dir='ltr'>qua</span> 
     </span>
     <span class='ocr_line' id='line_1_20' title="bbox 345 2737 1789 2822; baseline -0.003 -20"><span class='ocrx_word' id='word_1_167' title='bbox 345 2740 512 2822; x_wconf 84' lang='lat' dir='ltr'>fungimur</span> <span class='ocrx_word' id='word_1_168' title='bbox 537 2741 754 2803; x_wconf 88' lang='lat' dir='ltr'>concedimus</span> <span class='ocrx_word' id='word_1_169' title='bbox 778 2737 978 2815; x_wconf 87' lang='lat' dir='ltr'>facultatem,</span> <span class='ocrx_word' id='word_1_170' title='bbox 1002 2748 1174 2818; x_wconf 90' lang='lat' dir='ltr'>presentes</span> <span class='ocrx_word' id='word_1_171' title='bbox 1196 2739 1291 2800; x_wconf 93' lang='lat' dir='ltr'>vobis</span> <span class='ocrx_word' id='word_1_172' title='bbox 1315 2739 1426 2801; x_wconf 88' lang='lat' dir='ltr'>literas</span> <span class='ocrx_word' id='word_1_173' title='bbox 1451 2741 1484 2801; x_wconf 94' lang='lat' dir='ltr'>in</span> <span class='ocrx_word' id='word_1_174' title='bbox 1509 2738 1604 2800; x_wconf 88' lang='lat' dir='ltr'>huius</span> <span class='ocrx_word' id='word_1_175' title='bbox 1629 2741 1676 2799; x_wconf 91' lang='lat' dir='ltr'>rei</span> <span class='ocrx_word' id='word_1_176' title='bbox 1700 2739 1789 2800; x_wconf 89' lang='lat' dir='ltr'>testi-</span> 
     </span>
     <span class='ocr_line' id='line_1_21' title="bbox 345 2848 752 2910; baseline -0.005 0"><span class='ocrx_word' id='word_1_177' title='bbox 345 2852 493 2910; x_wconf 92' lang='lat' dir='ltr'>monium</span> <span class='ocrx_word' id='word_1_178' title='bbox 519 2848 752 2910; x_wconf 88' lang='lat' dir='ltr'>concedentes.</span> 
     </span>
    </p>
   </div>
   <div class='ocr_carea' id='block_1_8' title="bbox 345 2999 1792 3148">
    <p class='ocr_par' dir='ltr' id='par_1_8' title="bbox 345 2999 1792 3148">
     <span class='ocr_line' id='line_1_22' title="bbox 453 2999 1792 3073; baseline -0.002 -16"><span class='ocrx_word' id='word_1_179' title='bbox 453 3005 513 3058; x_wconf 88' lang='lat' dir='ltr'>Fol.</span> <span class='ocrx_word' id='word_1_180' title='bbox 534 3007 576 3058; x_wconf 77' lang='lat'>38⁴</span> <span class='ocrx_word' id='word_1_181' title='bbox 602 3005 626 3058; x_wconf 78' lang='grc' dir='ltr'>ὄ.</span> <span class='ocrx_word' id='word_1_182' title='bbox 656 3009 716 3058; x_wconf 86' lang='grc'><strong>234,</strong></span> <span class='ocrx_word' id='word_1_183' title='bbox 742 3003 787 3057; x_wconf 77' lang='lat' dir='ltr'>tel</span> <span class='ocrx_word' id='word_1_184' title='bbox 814 3021 831 3056; x_wconf 94' lang='lat' dir='ltr'>v</span> <span class='ocrx_word' id='word_1_185' title='bbox 857 3005 898 3058; x_wconf 79' lang='lat' dir='ltr'>rlr.</span> <span class='ocrx_word' id='word_1_186' title='bbox 932 3004 1063 3073; x_wconf 89' lang='lat' dir='ltr'>kapituly</span> <span class='ocrx_word' id='word_1_187' title='bbox 1094 2999 1302 3070; x_wconf 68' lang='lat' dir='ltr'>PratsleJaot</span> <span class='ocrx_word' id='word_1_188' title='bbox 1322 3002 1369 3055; x_wconf 91' lang='lat' dir='ltr'>fol.</span> <span class='ocrx_word' id='word_1_189' title='bbox 1395 3007 1455 3056; x_wconf 88' lang='lat'>229.</span> <span class='ocrx_word' id='word_1_190' title='bbox 1482 2999 1508 3054; x_wconf 94' lang='grc' dir='ltr'>Ο</span> <span class='ocrx_word' id='word_1_191' title='bbox 1532 3002 1792 3071; x_wconf 78' lang='lat' dir='ltr'>chronologiclrem</span> 
     </span>
     <span class='ocr_line' id='line_1_23' title="bbox 345 3092 967 3148; baseline -0.002 -2"><span class='ocrx_word' id='word_1_192' title='bbox 345 3095 475 3147; x_wconf 86' lang='lat' dir='ltr'>omezeni</span> <span class='ocrx_word' id='word_1_193' title='bbox 496 3094 596 3148; x_wconf 87' lang='lat' dir='ltr'>rokem</span> <span class='ocrx_word' id='word_1_194' title='bbox 617 3097 686 3146; x_wconf 87' lang='grc'><strong>1290</strong></span> <span class='ocrx_word' id='word_1_195' title='bbox 705 3108 781 3146; x_wconf 90' lang='lat' dir='ltr'>srov.</span> <span class='ocrx_word' id='word_1_196' title='bbox 802 3093 879 3146; x_wconf 80' lang='lat' dir='ltr'>rivod</span> <span class='ocrx_word' id='word_1_197' title='bbox 899 3092 923 3146; x_wconf 94' lang='lat' dir='ltr'>ll</span> <span class='ocrx_word' id='word_1_198' title='bbox 943 3099 967 3145; x_wconf 88' lang='grc'>3.</span> 
     </span>
    </p>
   </div>
   <div class='ocr_carea' id='block_1_9' title="bbox 1027 3348 1100 3409">
    <p class='ocr_par' dir='ltr' id='par_1_9' title="bbox 1027 3348 1100 3409">
     <span class='ocr_line' id='line_1_24' title="bbox 1027 3348 1100 3409; baseline 0.014 -1"><span class='ocrx_word' id='word_1_199' title='bbox 1027 3348 1100 3409; x_wconf 85' lang='grc'><strong>235.</strong></span> 
     </span>
    </p>
   </div>
   <div class='ocr_carea' id='block_1_10' title="bbox 341 3485 1790 3786">
    <p class='ocr_par' dir='ltr' id='par_1_10' title="bbox 341 3485 1790 3786">
     <span class='ocr_line' id='line_1_25' title="bbox 343 3485 1788 3572; baseline -0.002 -18"><span class='ocrx_word' id='word_1_200' title='bbox 343 3491 467 3567; x_wconf 81' lang='lat' dir='ltr'>Biskup</span> <span class='ocrx_word' id='word_1_201' title='bbox 498 3485 641 3572; x_wconf 62' lang='lat' dir='ltr'>Nabidi)</span> <span class='ocrx_word' id='word_1_202' title='bbox 665 3491 774 3571; x_wconf 62' lang='lat' dir='ltr'>daluj&#39;e</span> <span class='ocrx_word' id='word_1_203' title='bbox 795 3489 884 3552; x_wconf 81' lang='lat' dir='ltr'>kra&#39;li</span> <span class='ocrx_word' id='word_1_204' title='bbox 915 3489 1097 3566; x_wconf 77' lang='lat' dir='ltr'>Vdclovovi,</span> <span class='ocrx_word' id='word_1_205' title='bbox 1127 3495 1163 3552; x_wconf 76' lang='lat' dir='ltr'>z&#39;e</span> <span class='ocrx_word' id='word_1_206' title='bbox 1199 3489 1285 3554; x_wconf 83' lang='lat' dir='ltr'>Vz‘tek</span> <span class='ocrx_word' id='word_1_207' title='bbox 1316 3490 1408 3552; x_wconf 77' lang='lat' dir='ltr'>bratr</span> <span class='ocrx_word' id='word_1_208' title='bbox 1438 3489 1557 3552; x_wconf 73' lang='lat' dir='ltr'>Zdvite</span> <span class='ocrx_word' id='word_1_209' title='bbox 1588 3487 1618 3572; x_wconf 82' lang='lat' dir='ltr'>(z</span> <span class='ocrx_word' id='word_1_210' title='bbox 1648 3489 1788 3552; x_wconf 82' lang='lat' dir='ltr'>Folken·</span> 
     </span>
     <span class='ocr_line' id='line_1_26' title="bbox 341 3593 1790 3680; baseline -0.001 -20"><span class='ocrx_word' id='word_1_211' title='bbox 341 3595 461 3680; x_wconf 69' lang='lat' dir='ltr'>s&#39;tey&#39;na)</span> <span class='ocrx_word' id='word_1_212' title='bbox 497 3617 532 3658; x_wconf 85' lang='lat' dir='ltr'>se</span> <span class='ocrx_word' id='word_1_213' title='bbox 561 3617 641 3677; x_wconf 85' lang='lat' dir='ltr'>syny</span> <span class='ocrx_word' id='word_1_214' title='bbox 673 3598 839 3677; x_wconf 75' lang='lat' dir='ltr'>Hrosnoty</span> <span class='ocrx_word' id='word_1_215' title='bbox 872 3617 892 3658; x_wconf 77' lang='lat'><strong><em>2</em></strong></span> <span class='ocrx_word' id='word_1_216' title='bbox 922 3593 1055 3677; x_wconf 83' lang='lat' dir='ltr'>(Husic)</span> <span class='ocrx_word' id='word_1_217' title='bbox 1089 3597 1245 3679; x_wconf 80' lang='lat' dir='ltr'>vyplem&#39;li</span> <span class='ocrx_word' id='word_1_218' title='bbox 1277 3619 1299 3659; x_wconf 88' lang='lat' dir='ltr'>a</span> <span class='ocrx_word' id='word_1_219' title='bbox 1333 3596 1449 3679; x_wconf 72' lang='lat' dir='ltr'>spellilr‘</span> <span class='ocrx_word' id='word_1_220' title='bbox 1480 3595 1677 3672; x_wconf 65' lang='lat' dir='ltr'>Pelkiimov,</span> <span class='ocrx_word' id='word_1_221' title='bbox 1719 3595 1790 3677; x_wconf 83' lang='lat' dir='ltr'>Yy&#39;n</span> 
     </span>
     <span class='ocr_line' id='line_1_27' title="bbox 427 3700 1666 3786; baseline -0.001 -19"><span class='ocrx_word' id='word_1_222' title='bbox 427 3759 430 3768; x_wconf 68' lang='grc'><strong>.</strong></span> <span class='ocrx_word' id='word_1_223' title='bbox 454 3726 474 3766; x_wconf 94' lang='lat' dir='ltr'>n</span> <span class='ocrx_word' id='word_1_224' title='bbox 485 3700 642 3782; x_wconf 69' lang='lat' dir='ltr'>(Vltavou</span> <span class='ocrx_word' id='word_1_225' title='bbox 666 3725 688 3765; x_wconf 88' lang='lat' dir='ltr'>a</span> <span class='ocrx_word' id='word_1_226' title='bbox 715 3702 733 3768; x_wconf 90' lang='lat'>7</span> <span class='ocrx_word' id='word_1_227' title='bbox 754 3705 813 3780; x_wconf 81' lang='lat' dir='ltr'>vsz&#39;,</span> <span class='ocrx_word' id='word_1_228' title='bbox 837 3724 859 3766; x_wconf 84' lang='lat' dir='ltr'>a</span> <span class='ocrx_word' id='word_1_229' title='bbox 882 3707 918 3764; x_wconf 78' lang='lat' dir='ltr'>z&#39;e</span> <span class='ocrx_word' id='word_1_230' title='bbox 939 3703 1043 3766; x_wconf 62' lang='lat' dir='ltr'>korist</span> <span class='ocrx_word' id='word_1_231' title='bbox 1064 3724 1085 3766; x_wconf 89' lang='lat' dir='ltr'>a</span> <span class='ocrx_word' id='word_1_232' title='bbox 1108 3705 1234 3785; x_wconf 73' lang='lat' dir='ltr'>sajbtce</span> <span class='ocrx_word' id='word_1_233' title='bbox 1257 3703 1400 3767; x_wconf 84' lang='lat' dir='ltr'>odvlekli</span> <span class='ocrx_word' id='word_1_234' title='bbox 1420 3704 1460 3766; x_wconf 83' lang='lat' dir='ltr'>do</span> <span class='ocrx_word' id='word_1_235' title='bbox 1484 3703 1666 3786; x_wconf 64' lang='lat' dir='ltr'>Budeljbvic.</span> 
     </span>
    </p>
   </div>
   <div class='ocr_carea' id='block_1_11' title="bbox 410 3860 1726 4088">
    <p class='ocr_par' dir='ltr' id='par_1_11' title="bbox 410 3860 1726 4088">
     <span class='ocr_line' id='line_1_28' title="bbox 1551 3860 1678 3946; baseline 0.008 -20"><span class='ocrx_word' id='word_1_236' title='bbox 1551 3860 1634 3945; x_wconf 79' lang='lat'><em>(128</em></span> <span class='ocrx_word' id='word_1_237' title='bbox 1649 3864 1678 3946; x_wconf 92' lang='lat'>).</span> 
     </span>
     <span class='ocr_line' id='line_1_29' title="bbox 410 4007 1726 4088; baseline 0.001 -19"><span class='ocrx_word' id='word_1_238' title='bbox 410 4007 600 4087; x_wconf 89' lang='lat' dir='ltr'>Episcopus</span> <span class='ocrx_word' id='word_1_239' title='bbox 624 4009 837 4088; x_wconf 90' lang='lat' dir='ltr'>conqueritur</span> <span class='ocrx_word' id='word_1_240' title='bbox 861 4008 902 4070; x_wconf 89' lang='lat' dir='ltr'>de</span> <span class='ocrx_word' id='word_1_241' title='bbox 928 4009 1091 4070; x_wconf 90' lang='lat' dir='ltr'>lesoribus</span> <span class='ocrx_word' id='word_1_242' title='bbox 1115 4012 1332 4086; x_wconf 88' lang='lat' dir='ltr'>episcopatus</span> <span class='ocrx_word' id='word_1_243' title='bbox 1356 4009 1404 4070; x_wconf 93' lang='lat' dir='ltr'>sui</span> <span class='ocrx_word' id='word_1_244' title='bbox 1430 4018 1463 4070; x_wconf 91' lang='lat' dir='ltr'>et</span> <span class='ocrx_word' id='word_1_245' title='bbox 1479 4007 1619 4072; x_wconf 89' lang='lat' dir='ltr'>ecclesie</span> <span class='ocrx_word' id='word_1_246' title='bbox 1644 4015 1726 4070; x_wconf 66' lang='lat' dir='ltr'>sue‘.</span> 
     </span>
    </p>
   </div>
   <div class='ocr_carea' id='block_1_12' title="bbox 339 4145 1790 4882">
    <p class='ocr_par' dir='ltr' id='par_1_12' title="bbox 339 4145 1790 4882">
     <span class='ocr_line' id='line_1_30' title="bbox 448 4145 1788 4232; baseline 0.001 -20"><span class='ocrx_word' id='word_1_247' title='bbox 448 4149 635 4212; x_wconf 90' lang='lat' dir='ltr'>Excellenti</span> <span class='ocrx_word' id='word_1_248' title='bbox 659 4157 721 4210; x_wconf 94' lang='lat' dir='ltr'>etc.</span> <span class='ocrx_word' id='word_1_249' title='bbox 746 4145 1136 4232; x_wconf 68' lang='lat' dir='ltr'>Th(0bias)d13ragensis</span> <span class='ocrx_word' id='word_1_250' title='bbox 1168 4153 1346 4230; x_wconf 87' lang='lat' dir='ltr'>episcopus</span> <span class='ocrx_word' id='word_1_251' title='bbox 1371 4161 1431 4214; x_wconf 91' lang='lat' dir='ltr'>etc.</span> <span class='ocrx_word' id='word_1_252' title='bbox 1463 4149 1572 4231; x_wconf 90' lang='lat' dir='ltr'>Super</span> <span class='ocrx_word' id='word_1_253' title='bbox 1595 4153 1788 4214; x_wconf 69' lang='lat' dir='ltr'>atrocibuse</span> 
     </span>
     <span class='ocr_line' id='line_1_31' title="bbox 340 4253 1787 4341; baseline 0 -22"><span class='ocrx_word' id='word_1_254' title='bbox 340 4258 462 4319; x_wconf 87' lang='lat' dir='ltr'>nostris</span> <span class='ocrx_word' id='word_1_255' title='bbox 487 4267 519 4318; x_wconf 93' lang='lat' dir='ltr'>et</span> <span class='ocrx_word' id='word_1_256' title='bbox 543 4257 683 4319; x_wconf 90' lang='lat' dir='ltr'>ecclesie</span> <span class='ocrx_word' id='word_1_257' title='bbox 708 4267 822 4320; x_wconf 91' lang='lat' dir='ltr'>nostre</span> <span class='ocrx_word' id='word_1_258' title='bbox 839 4258 1020 4341; x_wconf 84' lang='lat' dir='ltr'>Pragensis,</span> <span class='ocrx_word' id='word_1_259' title='bbox 1046 4259 1230 4337; x_wconf 88' lang='lat' dir='ltr'>spiritualis</span> <span class='ocrx_word' id='word_1_260' title='bbox 1253 4261 1369 4320; x_wconf 89' lang='lat' dir='ltr'>matris</span> <span class='ocrx_word' id='word_1_261' title='bbox 1386 4267 1503 4334; x_wconf 90' lang='lat' dir='ltr'>vestre,</span> <span class='ocrx_word' id='word_1_262' title='bbox 1520 4253 1666 4321; x_wconf 76' lang='lat' dir='ltr'>iniuriiss</span> <span class='ocrx_word' id='word_1_263' title='bbox 1692 4261 1787 4320; x_wconf 87' lang='lat' dir='ltr'>cotti·</span> 
     </span>
     <span class='ocr_line' id='line_1_32' title="bbox 340 4364 1790 4446; baseline 0.001 -19"><span class='ocrx_word' id='word_1_264' title='bbox 340 4366 448 4427; x_wconf 89' lang='lat' dir='ltr'>dianis</span> <span class='ocrx_word' id='word_1_265' title='bbox 489 4365 724 4443; x_wconf 90' lang='lat' dir='ltr'>multiplicibus</span> <span class='ocrx_word' id='word_1_266' title='bbox 759 4373 793 4426; x_wconf 94' lang='lat' dir='ltr'>et</span> <span class='ocrx_word' id='word_1_267' title='bbox 828 4369 991 4444; x_wconf 90' lang='lat' dir='ltr'>pressuris</span> <span class='ocrx_word' id='word_1_268' title='bbox 1033 4367 1198 4427; x_wconf 89' lang='lat' dir='ltr'>maiestati</span> <span class='ocrx_word' id='word_1_269' title='bbox 1230 4374 1338 4426; x_wconf 89' lang='lat' dir='ltr'>vestre</span> <span class='ocrx_word' id='word_1_270' title='bbox 1381 4364 1597 4441; x_wconf 63' lang='lat' dir='ltr'>deferentesss,</span> <span class='ocrx_word' id='word_1_271' title='bbox 1632 4366 1790 4446; x_wconf 86' lang='lat' dir='ltr'>querelas</span> 
     </span>
     <span class='ocr_line' id='line_1_33' title="bbox 340 4471 1789 4553; baseline 0.002 -20"><span class='ocrx_word' id='word_1_272' title='bbox 340 4471 596 4534; x_wconf 90' lang='lat' dir='ltr'>lamentabiliter</span> <span class='ocrx_word' id='word_1_273' title='bbox 628 4473 778 4553; x_wconf 84' lang='lat' dir='ltr'>cogimur</span> <span class='ocrx_word' id='word_1_274' title='bbox 809 4471 988 4533; x_wconf 90' lang='lat' dir='ltr'>cumulare.</span> <span class='ocrx_word' id='word_1_275' title='bbox 1026 4471 1225 4552; x_wconf 92' lang='lat' dir='ltr'>Nuperrime</span> <span class='ocrx_word' id='word_1_276' title='bbox 1261 4490 1407 4553; x_wconf 91' lang='lat' dir='ltr'>namque</span> <span class='ocrx_word' id='word_1_277' title='bbox 1442 4473 1645 4535; x_wconf 90' lang='lat' dir='ltr'>excellencie</span> <span class='ocrx_word' id='word_1_278' title='bbox 1677 4483 1789 4536; x_wconf 89' lang='lat' dir='ltr'>vestre</span> 
     </span>
     <span class='ocr_line' id='line_1_34' title="bbox 340 4571 1786 4658; baseline 0.003 -20"><span class='ocrx_word' id='word_1_279' title='bbox 340 4597 453 4640; x_wconf 91' lang='lat' dir='ltr'>sumus</span> <span class='ocrx_word' id='word_1_280' title='bbox 486 4579 661 4658; x_wconf 91' lang='lat' dir='ltr'>conquesti</span> <span class='ocrx_word' id='word_1_281' title='bbox 694 4597 753 4658; x_wconf 90' lang='lat' dir='ltr'>per</span> <span class='ocrx_word' id='word_1_282' title='bbox 777 4571 830 4640; x_wconf 81' lang='lat' dir='ltr'>Z.¹²</span> <span class='ocrx_word' id='word_1_283' title='bbox 851 4589 1008 4656; x_wconf 91' lang='lat' dir='ltr'>nepotem</span> <span class='ocrx_word' id='word_1_284' title='bbox 1040 4588 1201 4656; x_wconf 86' lang='lat' dir='ltr'>nostrum,</span> <span class='ocrx_word' id='word_1_285' title='bbox 1234 4598 1333 4658; x_wconf 92' lang='lat' dir='ltr'>quem</span> <span class='ocrx_word' id='word_1_286' title='bbox 1367 4580 1409 4642; x_wconf 94' lang='lat' dir='ltr'>ad</span> <span class='ocrx_word' id='word_1_287' title='bbox 1443 4599 1502 4643; x_wconf 91' lang='lat' dir='ltr'>vos</span> <span class='ocrx_word' id='word_1_288' title='bbox 1532 4581 1786 4655; x_wconf 87' lang='lat' dir='ltr'>transmisimus,</span> 
     </span>
     <span class='ocr_line' id='line_1_35' title="bbox 339 4678 1786 4766; baseline 0.002 -19"><span class='ocrx_word' id='word_1_289' title='bbox 339 4687 431 4766; x_wconf 91' lang='lat' dir='ltr'>quod</span> <span class='ocrx_word' id='word_1_290' title='bbox 463 4678 607 4747; x_wconf 80' lang='lat' dir='ltr'>Witlroh</span> <span class='ocrx_word' id='word_1_291' title='bbox 631 4685 732 4747; x_wconf 93' lang='lat' dir='ltr'>frater</span> <span class='ocrx_word' id='word_1_292' title='bbox 767 4680 930 4763; x_wconf 83' lang='lat' dir='ltr'>Zauisyih</span> <span class='ocrx_word' id='word_1_293' title='bbox 953 4704 1029 4748; x_wconf 92' lang='lat' dir='ltr'>cum</span> <span class='ocrx_word' id='word_1_294' title='bbox 1068 4685 1140 4748; x_wconf 91' lang='lat' dir='ltr'>filiis</span> <span class='ocrx_word' id='word_1_295' title='bbox 1177 4681 1373 4748; x_wconf 81' lang='lat' dir='ltr'>Hroznate¹²</span> <span class='ocrx_word' id='word_1_296' title='bbox 1398 4696 1431 4749; x_wconf 91' lang='lat' dir='ltr'>et</span> <span class='ocrx_word' id='word_1_297' title='bbox 1465 4688 1532 4749; x_wconf 91' lang='lat' dir='ltr'>suis</span> <span class='ocrx_word' id='word_1_298' title='bbox 1564 4687 1786 4766; x_wconf 93' lang='lat' dir='ltr'>complicibus</span> 
     </span>
     <span class='ocr_line' id='line_1_36' title="bbox 339 4785 1789 4882; baseline 0.001 -28"><span class='ocrx_word' id='word_1_299' title='bbox 339 4793 508 4855; x_wconf 90' lang='lat' dir='ltr'>sceleratis</span> <span class='ocrx_word' id='word_1_300' title='bbox 531 4811 597 4854; x_wconf 91' lang='lat' dir='ltr'>non</span> <span class='ocrx_word' id='word_1_301' title='bbox 623 4785 819 4855; x_wconf 82' lang='lat' dir='ltr'>contentus¹</span> <span class='ocrx_word' id='word_1_302' title='bbox 848 4793 940 4856; x_wconf 91' lang='lat' dir='ltr'>malis</span> <span class='ocrx_word' id='word_1_303' title='bbox 973 4793 1147 4874; x_wconf 86' lang='lat' dir='ltr'>prioribus,</span> <span class='ocrx_word' id='word_1_304' title='bbox 1181 4813 1246 4874; x_wconf 92' lang='lat' dir='ltr'>que</span> <span class='ocrx_word' id='word_1_305' title='bbox 1270 4794 1369 4856; x_wconf 91' lang='lat' dir='ltr'>nobis</span> <span class='ocrx_word' id='word_1_306' title='bbox 1393 4795 1425 4854; x_wconf 91' lang='lat' dir='ltr'>in</span> <span class='ocrx_word' id='word_1_307' title='bbox 1450 4787 1662 4875; x_wconf 78' lang='lat' dir='ltr'>Pilgrimow¹²</span> <span class='ocrx_word' id='word_1_308' title='bbox 1682 4794 1789 4882; x_wconf 89' lang='lat' dir='ltr'>opido</span> 
     </span>
    </p>
   </div>
   <div class='ocr_carea' id='block_1_13' title="bbox 336 5001 1786 5252">
    <p class='ocr_par' dir='ltr' id='par_1_13' title="bbox 336 5001 1786 5252">
     <span class='ocr_line' id='line_1_37' title="bbox 446 5001 1786 5074; baseline 0.003 -20"><span class='ocrx_word' id='word_1_309' title='bbox 446 5005 473 5070; x_wconf 94' lang='lat' dir='ltr'>a)</span> <span class='ocrx_word' id='word_1_310' title='bbox 494 5003 543 5072; x_wconf 89' lang='lat' dir='ltr'>,Jo.</span> <span class='ocrx_word' id='word_1_311' title='bbox 564 5002 636 5069; x_wconf 91' lang='lat' dir='ltr'>Kap.</span> <span class='ocrx_word' id='word_1_312' title='bbox 649 5002 672 5070; x_wconf 90' lang='lat' dir='ltr'>J.</span> <span class='ocrx_word' id='word_1_313' title='bbox 702 5031 734 5040; x_wconf 96' lang='lat'>-</span> <span class='ocrx_word' id='word_1_314' title='bbox 764 5001 793 5072; x_wconf 91' lang='lat' dir='ltr'>b)</span> <span class='ocrx_word' id='word_1_315' title='bbox 814 5002 859 5068; x_wconf 85' lang='lat' dir='ltr'>,in‘</span> <span class='ocrx_word' id='word_1_316' title='bbox 885 5003 932 5066; x_wconf 83' lang='lat' dir='ltr'>ln,</span> <span class='ocrx_word' id='word_1_317' title='bbox 958 5007 1007 5066; x_wconf 82' lang='lat' dir='ltr'>,ut‘</span> <span class='ocrx_word' id='word_1_318' title='bbox 1028 5003 1099 5072; x_wconf 82' lang='lat' dir='ltr'>Kap.</span> <span class='ocrx_word' id='word_1_319' title='bbox 1118 5003 1139 5074; x_wconf 89' lang='lat' dir='ltr'>J.</span> <span class='ocrx_word' id='word_1_320' title='bbox 1169 5033 1203 5044; x_wconf 92' lang='lat'><em>-</em></span> <span class='ocrx_word' id='word_1_321' title='bbox 1231 5006 1258 5072; x_wconf 92' lang='lat' dir='ltr'>c)</span> <span class='ocrx_word' id='word_1_322' title='bbox 1279 5003 1332 5066; x_wconf 92' lang='lat' dir='ltr'>,De</span> <span class='ocrx_word' id='word_1_323' title='bbox 1351 5003 1465 5058; x_wconf 89' lang='lat' dir='ltr'>eodem‘</span> <span class='ocrx_word' id='word_1_324' title='bbox 1484 5003 1556 5073; x_wconf 88' lang='lat' dir='ltr'>Kap.</span> <span class='ocrx_word' id='word_1_325' title='bbox 1568 5003 1591 5072; x_wconf 94' lang='lat' dir='ltr'>J.</span> <span class='ocrx_word' id='word_1_326' title='bbox 1620 5033 1654 5044; x_wconf 92' lang='grc'>-</span> <span class='ocrx_word' id='word_1_327' title='bbox 1683 5003 1714 5072; x_wconf 90' lang='lat' dir='ltr'>d)</span> <span class='ocrx_word' id='word_1_328' title='bbox 1734 5003 1786 5072; x_wconf 85' lang='lat' dir='ltr'>,Jo‘</span> 
     </span>
     <span class='ocr_line' id='line_1_38' title="bbox 338 5091 1786 5164; baseline 0.002 -21"><span class='ocrx_word' id='word_1_329' title='bbox 338 5091 411 5159; x_wconf 88' lang='lat' dir='ltr'>Kap.</span> <span class='ocrx_word' id='word_1_330' title='bbox 424 5093 447 5161; x_wconf 91' lang='lat' dir='ltr'>J.</span> <span class='ocrx_word' id='word_1_331' title='bbox 467 5119 499 5130; x_wconf 91' lang='lat'>-</span> <span class='ocrx_word' id='word_1_332' title='bbox 520 5093 548 5158; x_wconf 93' lang='lat' dir='ltr'>e)</span> <span class='ocrx_word' id='word_1_333' title='bbox 568 5091 842 5160; x_wconf 83' lang='lat' dir='ltr'>,aggravacionibus‘</span> <span class='ocrx_word' id='word_1_334' title='bbox 864 5091 934 5159; x_wconf 84' lang='lat' dir='ltr'>Kap.</span> <span class='ocrx_word' id='word_1_335' title='bbox 947 5091 968 5158; x_wconf 86' lang='lat' dir='ltr'>J.</span> <span class='ocrx_word' id='word_1_336' title='bbox 990 5091 1111 5160; x_wconf 90' lang='lat' dir='ltr'>-f),et</span> <span class='ocrx_word' id='word_1_337' title='bbox 1129 5093 1249 5147; x_wconf 72' lang='lat' dir='ltr'>iniuriis</span> <span class='ocrx_word' id='word_1_338' title='bbox 1270 5094 1342 5161; x_wconf 88' lang='lat' dir='ltr'>Kap.</span> <span class='ocrx_word' id='word_1_339' title='bbox 1353 5093 1375 5162; x_wconf 85' lang='lat' dir='ltr'>J.</span> <span class='ocrx_word' id='word_1_340' title='bbox 1406 5121 1438 5132; x_wconf 90' lang='lat'><em>-</em></span> <span class='ocrx_word' id='word_1_341' title='bbox 1466 5095 1494 5164; x_wconf 84' lang='lat' dir='ltr'>g)</span> <span class='ocrx_word' id='word_1_342' title='bbox 1521 5093 1714 5158; x_wconf 86' lang='lat' dir='ltr'>,deferendas‘</span> <span class='ocrx_word' id='word_1_343' title='bbox 1735 5093 1786 5153; x_wconf 83' lang='lat' dir='ltr'>ln..</span> 
     </span>
     <span class='ocr_line' id='line_1_39' title="bbox 336 5179 1416 5252; baseline 0.001 -17"><span class='ocrx_word' id='word_1_344' title='bbox 336 5181 519 5243; x_wconf 87' lang='lat' dir='ltr'>,deferentes‘</span> <span class='ocrx_word' id='word_1_345' title='bbox 539 5181 610 5249; x_wconf 88' lang='lat' dir='ltr'>Kap.</span> <span class='ocrx_word' id='word_1_346' title='bbox 623 5181 645 5250; x_wconf 90' lang='lat' dir='ltr'>J.</span> <span class='ocrx_word' id='word_1_347' title='bbox 666 5209 699 5219; x_wconf 94' lang='lat'>-</span> <span class='ocrx_word' id='word_1_348' title='bbox 720 5181 755 5244; x_wconf 89' lang='lat' dir='ltr'>h)</span> <span class='ocrx_word' id='word_1_349' title='bbox 775 5179 878 5234; x_wconf 72' lang='lat' dir='ltr'>Schazi</span> <span class='ocrx_word' id='word_1_350' title='bbox 897 5197 914 5233; x_wconf 93' lang='lat' dir='ltr'>v</span> <span class='ocrx_word' id='word_1_351' title='bbox 934 5181 1041 5249; x_wconf 61' lang='grc' dir='ltr'><strong>Καρ.)</strong></span> <span class='ocrx_word' id='word_1_352' title='bbox 1062 5210 1094 5220; x_wconf 90' lang='grc'><strong>-</strong></span> <span class='ocrx_word' id='word_1_353' title='bbox 1114 5181 1134 5250; x_wconf 93' lang='lat' dir='ltr'>i)</span> <span class='ocrx_word' id='word_1_354' title='bbox 1155 5188 1357 5252; x_wconf 76' lang='lat' dir='ltr'>,contemptus⁴</span> <span class='ocrx_word' id='word_1_355' title='bbox 1378 5183 1416 5236; x_wconf 92' lang='lat' dir='ltr'>ln.</span> 
     </span>
    </p>
   </div>
   <div class='ocr_carea' id='block_1_14' title="bbox 0 0 1998 5844">
    <p class='ocr_par' dir='ltr' id='par_1_14' title="bbox 0 0 1998 5844">
     <span class='ocr_line' id='line_1_40' title="bbox 0 0 1998 5844; baseline 0 3"><span class='ocrx_word' id='word_1_356' title='bbox 0 0 1998 5844; x_wconf 95' lang='lat' dir='ltr'> </span> 
     </span>
    </p>
   </div>
  </div>
 </body>
</html>
