3968 5848
858 420 906 467 131

160 648 393 712 quamcunque
418 641 548 708 partem
572 631 659 696 lanei
690 635 754 695 sub
784 652 897 697 annuo
928 651 1032 694 censu
1065 633 1214 713 recipere
1245 634 1393 710 voluerit,
1427 635 1517 715 quod
1542 635 1608 698 hoc

160 737 218 798 sibi
241 735 353 800 iacere
377 758 445 800 non
472 740 578 818 liceat,
602 740 663 802 nisi
688 741 779 820 prius
803 741 879 804 ioco
903 744 953 803 sui
978 739 1077 802 aliurn
1103 741 1270 804 hominem
1304 745 1336 804 in
1361 743 1457 805 bonis
1488 745 1610 807 nostris

159 841 326 920 ydoneum
352 843 511 908 locaverit
536 855 570 908 et
593 847 703 910 eidem
729 847 917 912 vendiderit
949 848 1037 909 bona
1070 849 1152 928 ipsa,
1176 857 1212 912 ut
1236 849 1324 910 idem
1356 851 1455 912 nobis
1478 860 1512 912 et
1535 869 1608 913 suc·

160 951 349 1014 cessoribus
372 955 495 1016 nostris
518 955 551 1016 in
576 952 736 1034 predictis
767 956 894 1018 iuribus
926 957 1049 1017 nostris
1081 957 1284 1036 respondeat
1315 967 1349 1019 et
1380 957 1501 1020 eadem
1526 961 1608 1021 inte·

158 1057 292 1139 graliter
313 1060 504 1138 adimpleat,
529 1063 615 1124 sicut
639 1062 751 1124 debet.

263 1215 322 1269 Fol.
343 1220 378 1269 25
398 1215 422 1270 d.
442 1223 502 1278 16⁴,
521 1217 567 1270 tei
587 1234 605 1269 v
625 1217 764 1285 rultopise
785 1219 914 1288 kapituly
935 1218 1057 1273 Praislre
1076 1219 1088 1288 J
1109 1216 1156 1272 40b
1175 1219 1221 1272 iol.
1241 1225 1302 1274 271.

848 1510 921 1571 165.

157 1645 281 1727 Biskup
310 1647 340 1710 T
335 1647 428 1712 obicit
454 1652 619 1733 potvrauje
641 1651 798 1724 smlouvu,
813 1652 869 1733 jis
892 1659 968 1733 opat
987 1647 1062 1720 Jar.
1080 1651 1226 1713 mlitanu
1245 1651 1442 1734 praisklmu
1464 1651 1517 1716 Al.
1529 1661 1605 1734 pro·

558 1757 686 1840 nayima'
708 1777 753 1820 na
778 1759 824 1822 lo
843 1758 887 1820 let
908 1757 1009 1820 vinici
1032 1779 1053 1820 u
1078 1757 1197 1838 Prahy.

1212 1897 1495 1985 (κω-1390)).

244 2039 438 2122 Episcopus
462 2051 672 2107 contractum
698 2043 892 2106 hereditatis
916 2041 1042 2106 iactum
1066 2045 1152 2104 inter
1175 2043 1333 2107 abbatem
1358 2055 1392 2106 et
1408 2045 1514 2108 civem

482 2159 699 2232 protestatur,
723 2153 792 2213 suis
817 2151 921 2213 literis
944 2151 1054 2228 ipsum
1078 2151 1281 2213 roborando.

260 2293 294 2354 ln
311 2296 446 2356 nomine
462 2293 588 2357 domini
604 2312 712 2357 amen.
730 2291 802 2356 Nos
818 2289 1013 2376 Th(obias)·
1036 2293 1090 2355 dei
1106 2294 1217 2376 gracia
1234 2293 1407 2375 Pragensis
1423 2295 1602 2376 episcopus

163 2407 276 2461 notum
312 2420 388 2464 esse
423 2401 576 2464 volumus
607 2403 768 2465 universis
800 2410 972 2480 presentes
1007 2401 1118 2464 literas
1150 2402 1358 2481 inspecturis,
1390 2402 1481 2482 quod
1517 2403 1602 2466 inter

155 2507 240 2569 viros
264 2510 422 2586 providos
446 2519 480 2572 et
503 2509 672 2586 honestos,
698 2509 871 2572 dominum
894 2509 1048 2571 videlicet
1073 2502 1154 2588 Jar.¹'
1180 2507 1405 2570 venerabilem
1440 2511 1600 2574 abbatem

156 2611 243 2676 de..
267 2625 301 2677 et
327 2617 395 2680 Al.c
419 2619 524 2680 civem
550 2615 751 2698 Pragensem
783 2615 966 2679 locacionis
998 2625 1190 2678 contractus
1224 2618 1256 2678 in
1280 2626 1394 2678 nostra
1427 2621 1599 2697 presencia

155 2719 340 2784 celebratus
364 2725 492 2786 exstitit
515 2727 547 2786 in
573 2724 662 2787 hunc
678 2724 827 2800 modum,
851 2717 960 2804 quodd
984 2722 1141 2785 dominus
1157 2723 1265 2785 abbas
1281 2723 1459 2785 iamdictus
1471 2724 1600 2786 vineam

156 2831 345 2892 monasterii
369 2835 420 2894 sui
445 2833 541 2894 sitam
567 2833 643 2894 in..
669 2831 745 2894 villa
770 2832 860 2911 apud
885 2830 1026 2912 Pragam
1062 2849 1137 2891 cum
1163 2828 1253 2892 cu'ria
1277 2831 1401 2893 ibidem
1432 2833 1599 2895 existente

155 2945 186 2994 et
209 2939 404 3001 vinitoribus
429 2940 500 3002 eius
523 2959 562 3000 ac
586 2941 747 3001 universis
771 2941 875 3008 terris,
900 2939 990 3014 ortis,
1014 2937 1117 3017 pratis
1142 2948 1174 2999 et
1199 2938 1272 2999 aliis
1295 2939 1509 3017 pertinenciis
1532 2943 1601 3002 suis

155 3046 306 3108 omnibus
330 3045 484 3125 predicto
509 3045 576 3109 Al.c
601 3047 721 3110 locavit
752 3047 815 3109 sub
840 3065 952 3108 annuo
985 3065 1088 3108 censu
1113 3065 1173 3125 per
1196 3045 1228 3107 X
1251 3064 1416 3108 annorum
1447 3037 1609 3126 spacium'

155 3151 400 3230 possidendam,
435 3156 480 3216 ita
504 3155 668 3232 videlicet,
702 3155 795 3234 quod
831 3157 863 3216 in
899 3154 1049 3236 quolibet
1085 3171 1173 3215 anno
1211 3151 1294 3214 inira
1329 3161 1463 3232 tempus
1495 3155 1599 3233 ipsius

154 3254 302 3322 decennii
327 3259 416 3323 idem
441 3260 510 3324 Al.c
533 3261 640 3324 solvet
670 3271 703 3324 et
734 3261 864 3324 solvere
907 3263 1074 3323 tenebitur
1106 3261 1188 3322 duas
1212 3278 1342 3322 marcas
1366 3262 1443 3323 boni
1467 3271 1501 3323 et
1525 3265 1599 3340 puri

153 3371 275 3446 argenti
301 3367 475 3450 Pragensis
499 3372 659 3448 ponderis
683 3371 715 3430 in
732 3371 822 3431 omni
835 3379 954 3430 eventu
980 3367 1118 3429 domino
1131 3367 1246 3429 abbati
1260 3365 1389 3446 prelato
1405 3377 1463 3430 aut
1474 3371 1599 3431 nuncio

153 3473 249 3551 ipsius
273 3475 346 3536 eius
370 3477 504 3538 nomine
521 3478 597 3538 c'um
615 3477 715 3539 literis
731 3477 899 3539 destinato
916 3485 950 3536 et
966 3475 1100 3538 cuilibet
1116 3477 1303 3537 successori
1318 3494 1389 3551 suo,
1413 3477 1487 3537 nisie
1510 3494 1597 3553 eum,

153 3582 238 3658 quod
262 3583 360 3654 absit,
385 3584 497 3645 medio
520 3593 675 3664 tempore
699 3583 743 3646 de
768 3584 831 3646 hac
855 3586 922 3646 vita
946 3584 1088 3664 migrare
1113 3583 1297 3664 contigerit,
1322 3591 1355 3643 et
1374 3581 1439 3644 hoc
1462 3582 1598 3646 infesto

152 3689 250 3750 sancti
276 3684 385 3751 Galli.f
407 3689 479 3752 Nec
504 3691 615 3752 iicebit
638 3693 749 3753 eidem
774 3691 912 3752 domino
937 3690 1050 3752 abbati
1075 3688 1241 3751 autalicui
1259 3688 1350 3751 alteri
1367 3708 1428 3752 suo
1445 3698 1480 3752 et
1494 3691 1597 3769 ipsius

151 3798 289 3871 nomine,
314 3797 412 3858 etiam
431 3799 456 3858 si
474 3801 546 3859 eius
570 3817 746 3860 successor
770 3799 943 3875 exstiterit,
966 3798 1092 3860 dictum
1109 3795 1160 3859 ΑΙ.
1177 3795 1259 3858 inira
1275 3796 1414 3859 eosdem
1432 3796 1461 3861 X
1479 3817 1598 3874 annos

152 3904 309 3981 quamdiu
334 3905 404 3984 ipse
428 3905 613 3984 predictum
645 3925 783 3968 censum
818 3907 850 3968 in
881 3907 1024 3968 termino
1054 3906 1236 3966 constituto
1260 3903 1403 3967 fideliter
1426 3915 1459 3965 et
1482 3902 1595 3967 infalli-

151 4007 252 4073 biliter
276 4013 347 4074 sine
364 4012 473 4093 aliqua
491 4014 714 4076 diminucione
739 4015 943 4094 persolverit,
959 4034 978 4074 a
994 4013 1207 4093 possessione
1232 4011 1397 4074 dictorum
1409 4010 1595 4074 locatorum

151 4117 207 4180 sibi
233 4121 401 4182 bonorum
426 4129 484 4182 aut
500 4139 617 4182 eorum
643 4121 754 4200 aliquo
779 4121 988 4202 aliquatenus
1021 4139 1204 4182 removere.
1245 4118 1324 4181 Post
1354 4119 1485 4198 lapsum
1514 4139 1595 4180 vero

149 4225 294 4304 ipsorum
327 4227 445 4290 decern
478 4247 650 4303 annorum,
682 4227 732 4288 vel
757 4231 783 4289 si
809 4239 885 4289 ante
916 4227 1070 4303 eundem,
1093 4237 1130 4289 ut
1162 4245 1229 4289 non
1253 4233 1419 4306 optamus,
1442 4245 1504 4288 nec
1528 4226 1594 4288 hoc

150 4334 210 4397 deo
234 4334 367 4397 volente
391 4334 530 4408 accidet,
556 4335 664 4398 dictus
688 4334 740 4397 Al.
761 4338 848 4397 viam
873 4335 1024 4397 universe
1048 4335 1155 4397 carnis
1177 4335 1345 4416 ingressus
1367 4331 1474 4407 luerit,
1498 4343 1556 4396 aut
1567 4333 1593 4395 si

148 4442 349 4505 solucionem
373 4440 535 4522 prefatam
560 4461 680 4503 census
703 4444 843 4521 pretacti
867 4444 898 4504 in
921 4443 1064 4505 termino
1095 4442 1155 4504 sibi
1188 4442 1269 4504 dato
1291 4440 1494 4522 integraliter
1525 4459 1594 4504 non

148 4549 288 4625 solverit,
302 4552 389 4612 sicut
412 4550 524 4622 debet,
548 4553 644 4612 vinea
668 4550 859 4627 supradicta
886 4569 961 4612 cum
986 4551 1084 4612 curiis
1108 4559 1141 4611 et
1158 4549 1228 4610 aliis
1244 4548 1369 4611 scilicet
1380 4547 1592 4627 pertinenciis

148 4657 301 4736 predictis
325 4659 487 4720 universis
512 4665 545 4718 et
569 4657 871 4732 melioracionibus,
889 4677 954 4737 que
979 4657 1102 4719 ibidem
1127 4655 1213 4718 lacte
1244 4654 1373 4732 fuerint,
1389 4655 1593 4736 quibuslibet

146 4764 185 4825 ad
211 4767 461 4843 possessionem
486 4775 520 4826 et
543 4765 729 4828 dominium
753 4765 885 4827 abbatis
900 4765 1042 4844 predicti
1059 4775 1091 4826 et
1107 4763 1299 4826 monasterii
1324 4764 1394 4826 eius
1409 4765 1485 4841 ipso
1501 4762 1591 4824 iacto

146 4874 294 4952 protinus
327 4881 548 4949 revertentur;
584 4891 650 4935 non
682 4873 769 4934 enim
801 4875 895 4934 iuxta
927 4871 1066 4933 modum
1094 4871 1330 4933 convencionis
1361 4871 1393 4932 in
1417 4870 1591 4932 locacione

248 5084 279 5151 a)
297 5083 348 5152 ,Jo‘
369 5083 440 5151 Kap.
454 5082 476 5152 J.
506 5113 536 5120 -
567 5082 597 5152 b)
617 5081 665 5150 ‚Ja‘
685 5082 757 5150 Kap.
770 5081 793 5151 J.
814 5111 846 5120 —
866 5080 894 5149 c)
913 5081 956 5142 ‚A‘
976 5079 1049 5160 Kap.
1063 5079 1084 5148 J.
1104 5109 1138 5119 —
1158 5081 1188 5148 d)
1208 5065 1286 5149 ,fit-ro*
1305 5079 1345 5134 ln.
1365 5107 1399 5118 -
1427 5078 1455 5148 e)
1475 5079 1515 5142 ,ri¹
1533 5079 1588 5132 oba

145 5173 185 5225 rlr.
206 5201 238 5212 -
268 5173 290 5240 ι’)
318 5171 377 5226 Zde
396 5173 535 5241 vynechal
554 5173 632 5240 pisai
651 5173 707 5226 asi:
728 5185 824 5238 ,unam
843 5185 969 5224 marcam
995 5179 1026 5224 et
1050 5171 1170 5224 alteram
1195 5169 1319 5224 infesto
1344 5185 1366 5224 s.
1387 5167 1513 5238 Georgii
1531 5169 1588 5222 neb

146 5261 288 5328 podobne.

1447 5363 1480 5418 90
