3968 5848
907 391 939 438 77

198 607 352 686 exigente
377 604 508 667 iusticia
532 605 759 668 ecclesiastica
776 603 955 682 sepultura,
978 602 1201 665 universitatis
1216 613 1323 665 vestre
1339 602 1537 665 discrecioni
1552 622 1643 665 man-

198 712 317 774 damus
341 715 377 774 in
400 715 521 774 virtute
545 711 743 775 obediencie
767 720 801 772 et
824 710 887 772 sub
912 720 1001 788 pena
1022 712 1353 774 excomunicacionis
1377 709 1512 772 firmiter
1537 718 1569 772 et
1585 729 1643 771 ex·

197 839 317 900 presse,
353 829 520 900 quatenns
552 818 660 881 nullus
691 828 838 880 vestrum
869 817 1054 898 quemlibet
1084 817 1272 879 invasorem
1297 819 1463 880 bonorum
1488 815 1644 879 ecclesia-

197 927 357 989 sticorum
371 924 593 1004 manifestum,
606 928 765 1005 precipue
778 933 891 987 tamen
904 924 978 988 illos
992 927 1079 986 viros
1092 923 1269 998 maleficos,
1282 927 1339 1005 qui
1351 925 1440 986 bona
1452 923 1643 985 monasterii

200 1033 291 1096 de..
330 1033 506 1097 offensisse
536 1034 786 1116 dignoscuntur,
818 1035 846 1096 si
881 1051 941 1095 eos
975 1039 1224 1112 perseverantes
1255 1033 1289 1093 in
1320 1039 1412 1092 tante
1446 1033 1644 1093 temeritatis

197 1143 379 1220 pertinacia
403 1142 531 1221 absque
555 1140 704 1222 qualibet
720 1138 952 1204 satisfaccione
968 1139 1117 1202 exhibita
1135 1157 1196 1218 pro
1214 1138 1409 1212 commissis,
1433 1138 1644 1218 permittente

197 1249 248 1311 dei
273 1249 546 1328 omnipotencia,⁸
578 1250 665 1311 iusto
698 1269 742 1311 ex
774 1251 893 1310 merito
924 1248 1073 1328 ipsorum
1106 1265 1197 1308 mors
1221 1248 1442 1325 occupaverit,
1477 1265 1497 1307 a
1529 1238 1643 1308 nobisb

196 1356 416 1420 absolucione
439 1375 506 1418 non
530 1357 679 1430 obtenta,
710 1357 742 1418 in
765 1357 881 1418 vestris
905 1355 1055 1418 ecclesiis
1080 1354 1122 1416 ad
1147 1353 1355 1432 sepulturam
1378 1350 1642 1415 ecclesiasticam

197 1466 345 1543 recipere
361 1463 571 1545 aliquatenus
587 1483 654 1526 non
673 1473 852 1542 presumat,
876 1461 1024 1543 alioquin
1040 1461 1179 1542 quilibet
1195 1469 1350 1536 vestrum,
1374 1463 1430 1541 qui
1448 1460 1643 1522 mandatum

197 1582 348 1634 nostrum
372 1574 405 1634 in
431 1571 494 1634 hac
519 1582 613 1652 parte
637 1589 704 1633 non
729 1569 844 1632 fecerit
867 1569 1016 1648 fideliter,
1040 1572 1127 1632 sicut
1150 1569 1261 1648 debet,
1294 1578 1419 1631 extunc
1451 1569 1643 1630 iamdictam

197 1679 529 1740 excomunicacionis
564 1679 769 1742 sentenciam
804 1696 840 1740 se
875 1676 1003 1739 noverit
1033 1676 1253 1738 incursurum.
1294 1677 1478 1758 Rogamuse
1507 1679 1643 1751 insuper

196 1784 313 1848 fratres
345 1787 575 1866 predicatores
606 1794 639 1846 et
664 1785 817 1862 minores,
853 1783 895 1846 ad
920 1803 1006 1866 quos
1031 1783 1217 1862 pervenerit
1241 1802 1378 1863 presens
1402 1785 1571 1862 scriptum,
1606 1790 1644 1842 ut

196 1893 255 1970 ipsi
286 1903 477 1954 nostrarum
509 1911 646 1972 precum
675 1885 812 1954 intuitui
845 1891 1015 1972 predictos
1038 1892 1126 1954 viros
1150 1890 1329 1965 maleficos,
1360 1908 1446 1971 quos
1477 1889 1643 1952 decedere

197 2001 305 2063 medio
321 2011 475 2079 tempore
491 2002 517 2062 si
530 2003 737 2084 contingerit,
754 1999 843 2062 nulla
858 1999 935 2062 lesis
952 1999 1103 2060 exhibita
1120 1996 1355 2061 satisfaccione
1371 2017 1433 2079 pro
1446 1997 1642 2070 commissis,

194 2107 281 2187 apud
306 2107 466 2171 eeclesias
490 2103 613 2190 (ειιειε)ο
639 2126 707 2170 non
731 2107 866 2170 tradant
889 2126 952 2170 nec
974 2107 1060 2169 tradi
1085 2109 1276 2185 permittant
1292 2107 1518 2168 ecclesiastice
1533 2104 1643 2184 sepul·

195 2222 275 2290 ture,
299 2214 392 2294 quod
418 2215 507 2294 apud
533 2235 593 2278 eos
617 2215 810 2278 omnimode
834 2215 986 2276 volumus
1011 2215 1204 2292 promereri.
1229 2211 1353 2276 Datum
1378 2223 1440 2275 etc.

300 2389 362 2442 Fol.
383 2394 426 2442 13'
446 2389 471 2443 d.
490 2393 533 2452 91,
552 2391 598 2442 tel
617 2405 636 2442 v
655 2392 696 2442 rk.
717 2389 848 2459 kapitnly
868 2389 992 2442 Praiske
1010 2387 1023 2456 J
1038 2385 1143 2444 40'lol.
1158 2389 1227 2442 251¹.
1246 2388 1396 2442 Rok1290
1421 2386 1497 2440 tvoii
1516 2387 1639 2456 praude-

196 2478 334 2548 podobni¹
353 2479 459 2533 termin
479 2479 517 2532 ad
536 2494 633 2547 quem,
663 2479 815 2546 ponevadi
834 2479 867 2532 ai
887 2477 926 2532 do
944 2479 1016 2533 toho
1035 2480 1109 2533 roku
1128 2479 1220 2532 trvala
1238 2493 1257 2531 v
1275 2462 1411 2531 decutet
1436 2475 1581 2542 anarchie,
1610 2490 1643 2530 aa

197 2569 276 2622 ktere
294 2569 365 2638 bylo
383 2569 534 2638 pustoseni
554 2569 722 2622 cirlrevnich
741 2564 840 2622 statkir
859 2569 1028 2637 pravidlem.

892 2909 946 2972 92.

199 3070 318 3153 Biskup
349 3067 464 3132 Tobiae
486 3069 634 3153 nafiauje
656 3069 823 3148 dlkanovz',
846 3071 907 3150 aby
924 3070 1050 3154 pavolil
1076 3067 1223 3134 cirkevm'
1246 3069 1361 3151 patret
1385 3083 1478 3151 pann
1501 3069 1543 3132 H.
1567 3089 1587 3132 a
1608 3118 1639 3132 ..

197 3177 282 3258 kierss
305 3176 454 3240 cz'rkevm‘
472 3178 578 3259 statky
600 3198 641 3240 aa
665 3179 743 3240 diva
761 3178 904 3258 pustoiil
924 3199 945 3240 a
968 3199 1009 3241 aa
1029 3177 1129 3242 neiat
1150 3178 1304 3242 dldr'cove'
1328 3177 1430 3257 ikody
1460 3175 1638 3239 nahradili.

1271 3353 1414 3437 (1279-
1421 3352 1532 3436 1290).

276 3515 469 3597 Episcopus
493 3517 631 3580 mandat
655 3519 793 3594 decano,
817 3521 942 3580 utiam
967 3519 1175 3598 permitteret
1198 3517 1365 3594 quendam
1389 3527 1557 3580 mortuum

264 3633 468 3687 vastatorem
499 3625 649 3704 sepelire,
680 3627 758 3706 quia
789 3623 847 3690 filii
878 3627 928 3688 sui
961 3624 1191 3688 satisfecerunt
1222 3626 1284 3687 sibi
1317 3644 1378 3704 pro
1403 3619 1501 3700 lesiS,s
1534 3632 1568 3685 et

545 3731 697 3794 absolvet
721 3733 764 3794 ab
788 3733 1109 3796 excomunicacione
1134 3735 1210 3796 loco
1234 3733 1293 3794 sui.

303 3888 499 3970 Th(obias)⁸
520 3892 575 3954 dei
598 3895 710 3974 gracia
736 3901 797 3954 etc.
823 3892 945 3954 dilecto
971 3896 1003 3954 in
1028 3889 1159 3955 Christo
1184 3892 1251 3955 filio
1277 3885 1424 3956 decanoh
1441 3939 1472 3953 ..
1496 3889 1637 3954 salutem

197 3996 281 4062 Cum
305 3999 447 4062 heredes
471 3999 593 4062 nobilis
616 4000 677 4062 viri
702 3998 743 4062 H.
769 4001 850 4062 dicti
868 4001 909 4062 de
927 4049 933 4062 .
952 4046 968 4072 .,
993 4019 1080 4062 nunc
1097 4003 1184 4062 viam
1202 4003 1351 4063 universe
1368 4003 1476 4063 carnis
1493 3997 1639 4080 ingressi,

195 4110 287 4169 cuius
319 4125 443 4186 corpus
473 4108 561 4170 tradi
593 4107 795 4168 inhibuimus
828 4106 1053 4169 ecclesiastice
1086 4107 1255 4187 sepulture
1288 4116 1426 4187 propter
1461 4106 1568 4186 spolia
1604 4112 1638 4165 et

196 4215 335 4292 rapinas,
372 4213 488 4276 salutis
522 4215 656 4294 proprie
680 4214 855 4276 immemor
885 4225 1001 4276 contra
1034 4209 1150 4297 (deum
1182 4225 1215 4277 et
1247 4209 1436 4296 iusticiam)‘
1475 4213 1507 4274 in
1539 4213 1638 4273 bonis

196 4321 316 4383 nostris
352 4331 385 4382 et
419 4321 562 4383 ecclesie
593 4331 708 4384 nostre
743 4340 828 4401 quas
863 4323 1015 4384 exercuit
1047 4323 1259 4396 incessanter,
1295 4322 1392 4384 nobis
1424 4329 1457 4382 et
1488 4318 1637 4399 predicte

195 4429 335 4491 ecclesie
369 4439 482 4491 nostre
524 4449 585 4509 pro
629 4431 816 4492 commissis
857 4426 1125 4491 satisfaccionem
1167 4447 1350 4511 congruam
1394 4428 1637 4507 impenderunt,

195 4537 391 4599 mandamus
415 4537 611 4600 discrecioni
635 4546 699 4612 tue,
724 4545 889 4617 quatenus
914 4537 989 4598 loco
1013 4537 1116 4597 nostri
1140 4535 1291 4598 eiusdem
1315 4554 1438 4613 corpus
1461 4533 1638 4596 vastatoris

300 4783 328 4851 a)
347 4783 453 4845 ,divina
472 4784 615 4850 potencia‘
635 4782 706 4850 Kap.
724 4782 746 4850 J.
772 4810 805 4821 —
831 4782 861 4850 b)
880 4790 919 4846 ,et
937 4798 955 4835 a
973 4785 1064 4836 nobis‘
1084 4783 1123 4836 ln.
1150 4811 1182 4820 -
1202 4782 1229 4850 c)
1250 4782 1323 4836 Pieri
1343 4783 1452 4835 slovem
1472 4779 1637 4848 ,Rogamus‘

195 4872 332 4941 nadepsal
357 4875 550 4927 sestavovatel
576 4874 676 4942 sbirky
702 4872 822 4926 avlaitni
850 4872 923 4934 titul,
951 4871 985 4924 ad
1014 4873 1076 4927 east
1103 4880 1132 4924 ta
1159 4873 1216 4940 Jest
1238 4873 1287 4941 jen
1317 4871 1505 4925 zaltondenim
1534 4870 1635 4923 tohoto

193 4961 276 5015 titulu
297 4979 313 5016 a
332 4963 392 5016 sice
411 4963 474 5026 ,Pro
493 4963 598 5017 eodem
617 4963 775 5031 episcopus
794 4970 876 5030 rogat
896 4961 998 5015 fratres
1018 4963 1171 5016 cuiuslibet
1190 4963 1316 5016 ordinis.
1342 4962 1369 5014 V
1389 4960 1487 5028 Kap.]
1506 4977 1542 5014 na
1561 4960 1636 5012 terni

196 5051 277 5106 miste
305 5052 409 5119 nadpis
438 5051 610 5120 ,Episcopus
628 5061 711 5123 rogat
738 5053 843 5106 fratres
873 5052 1074 5120 predicatores
1101 5068 1154 5121 pro
1181 5054 1303 5107 eodem.
1332 5081 1366 5090 -
1395 5053 1425 5120 d)
1453 5053 1636 5114 ,interventu‘

195 5141 266 5210 Kap.
277 5141 300 5209 J.
331 5169 361 5179 —
386 5141 418 5220 λΒ)
438 5140 591 5209 ΒορΙῃόηο
612 5143 659 5195 dle
678 5142 750 5211 Kap.
762 5141 784 5210 J.
813 5170 846 5180 -
875 5142 898 5206 f)
918 5143 1021 5202 ‚illesis‘
1042 5141 1113 5209 Kap.
1127 5143 1150 5211 J.
1180 5172 1212 5180 -
1238 5143 1267 5212 g)
1285 5143 1335 5208 ‚Jo‘
1356 5141 1427 5210 Kap.
1440 5142 1462 5210 J.
1489 5169 1522 5178 -
1545 5141 1575 5206 h)
1595 5139 1634 5201 ‚C.

196 5232 308 5285 decano
327 5231 356 5284 in
370 5239 399 5284 ta
419 5231 454 5284 lo.
474 5233 595 5286 salutem
615 5233 645 5285 in
664 5231 790 5285 domino‘
811 5229 883 5298 Kap.
896 5233 918 5301 J.
938 5260 970 5271 —
990 5232 1010 5297 i)
1030 5231 1183 5300 Doplneno
1203 5233 1250 5288 dle
1270 5232 1342 5300 Kap.
1356 5231 1378 5300 J.
