3988 5844
915 413 966 462 21³

905 625 979 688 273.

215 767 341 847 Biskup
378 767 408 830 T
404 767 495 831 obicis
519 769 693 849 potvrzust
724 768 855 831 udlle'nz'
882 767 1041 850 adpustktl
1073 766 1342 850 nejmenovany'ct
1372 767 1518 847 biskupri,
1553 768 1669 831 urben!

423 887 481 956 pro
505 875 762 937 navitlvovatele
784 873 903 936 kostela
922 884 1036 956 panny
1059 875 1167 936 Mart'e
1189 895 1210 936 v
1234 873 1450 936 Kladrubech.

1294 1046 1555 1134 (rm-ram.

319 1195 474 1258 Thobias
498 1196 553 1257 dei
577 1197 690 1278 gracia
722 1205 783 1257 etc.
809 1197 971 1258 universis
995 1192 1117 1258 Christi
1142 1191 1323 1274 (fidelibus)
1348 1205 1411 1257 etc.
1436 1193 1510 1274 Que
1535 1204 1664 1258 mentes

214 1302 364 1366 fidelium
400 1304 444 1366 ad
477 1303 672 1366 devocionis
702 1303 864 1365 inducunt
895 1299 1053 1364 affectum
1086 1313 1119 1363 et
1149 1302 1388 1380 omnipotentis
1421 1302 1472 1364 dei
1498 1321 1536 1364 ac
1566 1323 1661 1366 sanc·

212 1421 325 1472 torum
370 1414 442 1474 eius
482 1413 615 1489 pariunt
655 1413 877 1471 reverenciam
918 1418 951 1470 et
989 1409 1160 1484 honorem,
1204 1417 1299 1471 tanto
1345 1417 1423 1469 sunt
1468 1409 1663 1492 diligencius

213 1527 246 1579 et
285 1518 456 1580 liberalius
493 1517 731 1598 promovenda,
768 1527 892 1596 quanto
931 1515 1101 1579 efficacius
1139 1517 1182 1580 ad
1216 1515 1355 1577 salutem
1391 1516 1567 1596 proficiunt
1594 1518 1662 1580 ani·

213 1645 352 1687 marum.
392 1624 593 1704 Eapropter,
627 1624 738 1686 dilecti
781 1627 813 1685 in
852 1624 988 1686 domino
1031 1623 1097 1698 filii,
1138 1624 1345 1686 universitati
1383 1635 1490 1686 vestre
1526 1633 1660 1688 tenore⁸

213 1734 426 1810 presencium
446 1731 600 1794 volumus
632 1751 705 1792 esse
736 1741 863 1806 notum,
895 1732 986 1811 quod
1011 1751 1075 1793 nos
1109 1729 1340 1814 indulgencias
1364 1731 1605 1794 venerabilium
1628 1735 1661 1794 in

211 1834 347 1902 Christo
364 1849 498 1917 patrum
524 1887 555 1900 ..
581 1838 624 1900 de
650 1886 681 1900 ..
708 1849 741 1900 et
765 1887 797 1900 ..
822 1839 866 1900 de
884 1884 889 1898 .
909 1885 915 1898 .
933 1837 1148 1900 dominorum
1169 1841 1416 1916 episcoporum,
1441 1837 1661 1901 devocionem

211 1955 356 2008 vestram
389 1947 484 2025 quasi
516 1965 575 2024 per
598 1946 723 2021 premia
755 1945 932 2007 salubriter
965 1943 1007 2006 ad
1032 1947 1151 2007 merita
1183 1945 1311 2006 invitari
1334 1939 1510 2022 volentes,b
1538 1967 1556 2007 a
1581 1965 1663 2027 quo·

210 2053 292 2115 libet
316 2072 434 2116 eorum
461 2073 520 2132 per
544 2053 606 2115 XL
630 2054 703 2115 dies
727 2051 867 2114 collatas
902 2053 1058 2114 omnibus
1081 2071 1159 2114 vere
1183 2053 1409 2132 penitentibus
1433 2063 1466 2114 et
1491 2051 1663 2130 confessis,

210 2161 266 2240 qui
291 2159 335 2222 ad
361 2160 540 2223 ecclesiam
575 2172 691 2223 sancte
723 2159 828 2222 Marie
852 2160 985 2239 virginis
1025 2159 1170 2240 gloriose
1206 2161 1400 2222 monasterii
1424 2157 1663 2222 Cladrubensis

210 2269 242 2330 in
267 2267 494 2330 anniversario
520 2268 574 2330 die
598 2268 829 2330 dedicacionis
854 2268 958 2347 ipsius
982 2277 1016 2328 et
1040 2268 1073 2328 in
1097 2265 1331 2329 festivitatibus
1353 2267 1503 2328 eiusdem
1529 2268 1662 2349 virginis

209 2375 355 2456 gloriose
380 2383 499 2454 quater
522 2377 555 2436 in
580 2393 668 2436 anno
692 2385 726 2435 et
750 2376 781 2436 in
805 2375 877 2436 aliis
901 2372 994 2436 festis
1018 2375 1140 2436 talibus
1165 2393 1266 2437 causa
1291 2373 1487 2437 devocionis
1511 2395 1661 2438 accesse-

211 2485 276 2543 rint
300 2485 485 2556 annuatim,
518 2492 618 2562 prout
641 2481 673 2542 in
699 2485 849 2560 ipsorum
875 2482 991 2543 litteris
1015 2480 1159 2544 vidimus
1183 2482 1356 2557 contineri,
1379 2493 1470 2544 ratas
1494 2491 1528 2542 et
1551 2491 1663 2564 gratas

211 2589 376 2650 habentes
407 2607 447 2649 ac
481 2608 537 2651 eas
562 2589 736 2651 actoritate
768 2607 834 2669 qna
867 2587 1033 2669 fungimur
1062 2589 1309 2664 confirmantes,
1345 2589 1565 2672 quadraginta
1589 2589 1661 2652 dies

209 2695 418 2757 auctoritatis
454 2705 567 2757 nostre
603 2699 635 2756 in
667 2697 732 2758 hoc
758 2715 837 2758 casu
873 2693 1043 2758 salutifero
1080 2695 1273 2758 huiusmodi
1309 2697 1514 2759 remissionis
1549 2698 1659 2778 gracie

207 2801 433 2864 favorabiliter
457 2811 683 2879 annectentes,
701 2803 962 2866 misericorditer
978 2802 1169 2866 relaxamus
1196 2803 1388 2866 testimonio
1415 2803 1511 2865 huius
1535 2805 1659 2882 scripti.

209 2909 333 2971 Datum
358 2929 447 2972 anno
472 2919 534 2971 etc.

316 3084 374 3137 Mn.
395 3085 436 3136 rk.
457 3083 503 3137 fol.
525 3083 584 3138 128⁶
605 3083 628 3138 ὅ.
650 3089 683 3138 79
702 3084 819 3152 (Tadra,
838 3084 961 3138 Vestnik
975 3087 1018 3138 kr.
1032 3085 1088 3138 des,
1103 3085 1174 3153 spot
1190 3086 1269 3138 nauk
1284 3087 1353 3138 1889
1372 3092 1407 3137 st.
1422 3089 1473 3138 116
1493 3084 1517 3138 c.
1538 3083 1656 3154 XXXI).

897 3390 970 3452 274.

205 3531 332 3614 Biskup
361 3531 477 3595 Tobia'o‘
491 3543 658 3614 potvrzuye
673 3531 831 3614 odpustky
846 3532 1118 3614 nesmenovany'ck
1141 3532 1277 3613 br'skuprl
1294 3534 1409 3596 urent
1425 3544 1484 3610 pro
1507 3545 1546 3615 ty,
1571 3532 1655 3596 ledae

205 3641 351 3701 navitivi
374 3637 479 3701 kostel
497 3660 544 3702 ευ,
570 3640 666 3702 Petra
688 3639 823 3702 sz'linl
842 3639 900 3700 neb
923 3638 1038 3722 kjelro
1062 3640 1182 3702 oadobl
1195 3641 1343 3722 pr'z'spljz',
1375 3661 1396 3702 a
1419 3651 1477 3721 pro
1501 3649 1542 3722 ty,
1574 3640 1657 3704 kdov

375 3765 408 3806 se
430 3745 580 3808 aecastnz‘
599 3747 664 3808 mli
686 3746 875 3825 slousteny‘clz
898 3744 1105 3825 trdlovsky'm
1127 3746 1302 3828 kaplanem
1326 3747 1485 3828 Adolfem.

1319 3903 1392 3990 (cca
1417 3905 1548 3988 12879).

309 4045 490 4132 Th(obias)
523 4048 577 4111 dei
608 4053 720 4130 gracia
752 4060 815 4112 etc.
848 4050 1007 4111 universis
1039 4047 1159 4112 Christi
1183 4050 1339 4113 fidelibus
1363 4071 1422 4130 per
1455 4053 1657 4135 Pragensem

203 4158 373 4219 civitatem
410 4165 442 4216 et
478 4156 640 4220 diocesim
676 4157 865 4218 constitutis
901 4155 1054 4218 salutem.
1094 4156 1326 4220 Devocionem
1371 4168 1514 4221 vestram
1560 4161 1657 4239 quasi

203 4285 264 4345 per
305 4263 432 4342 premia
477 4263 651 4326 salubriter
683 4264 726 4325 ad
763 4267 881 4325 merita
910 4265 1036 4324 invitari
1073 4265 1232 4338 volentes,
1268 4273 1303 4326 ut
1339 4285 1398 4344 per
1436 4266 1501 4328 hoc
1539 4265 1656 4328 salutis

202 4373 388 4434 animarum
436 4379 620 4432 vestrarum
668 4371 867 4450 propensius
921 4379 1083 4452 augeatur
1137 4373 1276 4434 effectus
1332 4374 1375 4436 ad
1430 4377 1494 4436 vite
1542 4384 1656 4437 eterne

201 4479 326 4561 gaudia
351 4477 586 4557 promerenda,
622 4477 860 4539 venerabilium
895 4487 1027 4557 patrum
1051 4481 1084 4540 in
1110 4473 1242 4541 Christo
1269 4527 1301 4541 ..
1327 4489 1361 4542 et
1387 4529 1416 4542 ..
1442 4481 1656 4543 dominorum

201 4585 534 4667 archiepiscoporum
572 4594 605 4645 et
641 4585 878 4664 episcoporum
922 4573 1161 4666 indulgencias,
1207 4605 1291 4665 quas
1330 4586 1467 4668 quilibet
1505 4587 1656 4668 ipsorum

202 4693 361 4756 omnibus
396 4711 474 4753 vere
511 4691 736 4770 penitentibus
774 4702 807 4752 et
841 4691 1014 4765 confessis,
1050 4692 1104 4770 qui
1130 4693 1174 4754 ad
1198 4693 1443 4771 parrochialem
1480 4696 1656 4758 ecclesiam

200 4802 310 4863 sancti
334 4797 421 4861 Petri
446 4797 592 4878 apostoli
615 4801 648 4860 in
672 4796 776 4876 Belyn
800 4800 833 4860 in
851 4797 944 4860 festis
961 4797 1165 4880 subscriptis,
1190 4799 1345 4862 videlicet
1368 4801 1401 4862 in
1425 4801 1656 4864 festivitatibus

200 4906 380 4970 nativitatis
412 4905 549 4985 domini,
574 4905 834 4980 resurrectionis,
867 4906 1071 4968 ascensionis
1103 4916 1136 4969 et
1168 4915 1383 4986 pentecostes
1406 4917 1440 4970 et
1463 4911 1494 4971 in
1519 4910 1655 4993 singulis

201 5015 295 5078 festis
332 5014 431 5075 beate
456 5013 562 5074 Marie
587 5013 720 5094 virginis
751 5012 897 5093 gloriose
929 5032 969 5074 ac
1001 5013 1091 5074 beati
1115 5011 1203 5074 Petri
1235 5015 1392 5093 principis
1424 5016 1654 5095 apostolorum

201 5171 417 5184 —n—

309 5241 337 5308 a)
357 5240 510 5308 ,tenorem‘
529 5239 586 5294 Mn.
608 5268 640 5277 -
661 5239 691 5305 b)
711 5239 859 5301 ,valentes‘
879 5239 935 5293 Mn.
