3988 5844
1041 418 1092 466 156

1036 683 1107 745 197.

345 825 470 908 Br'skup
499 826 529 889 T
525 825 613 888 obicis
636 825 710 889 vold
734 825 755 887 k
778 825 998 907 aodpovz'ddm'
1016 824 1246 888 kenrenda'tora
1269 823 1466 898 Kladskllro,
1490 822 1582 904 klerjl
1600 821 1794 886 absolucemi

389 931 726 1012 exkonmnikovany‘ch
751 952 771 993 a
795 932 952 994 udilem'm
976 932 1135 1014 adpustku
1159 931 1286 994 aasalza'
1308 933 1349 994 do
1367 933 1557 1011 prdvomocz'
1577 929 1754 1006 br'skupske'.

1363 1110 1468 1180 (1279
1485 1143 1529 1154 ·-
1552 1109 1684 1180 12902).

432 1253 621 1332 Episcopus
646 1254 791 1315 resciens
816 1253 1126 1314 commendatorem
1159 1251 1351 1332 pontificale
1376 1250 1521 1314 officium
1546 1270 1704 1312 exercere

433 1365 464 1422 in
483 1361 678 1439 penitenciis
698 1360 909 1442 iniungendis
926 1371 959 1421 et
975 1359 1055 1435 aliis,
1073 1363 1153 1422 citat
1173 1363 1282 1436 ipsum
1305 1360 1347 1422 ad
1368 1378 1463 1420 suam
1485 1361 1703 1438 presenciam.

450 1499 630 1582 Th(obias)
663 1503 719 1565 dei
750 1505 861 1584 gracia
895 1513 956 1565 etc.
982 1502 1137 1583 religioso
1169 1505 1240 1565 viro
1273 1499 1363 1564 fratri
1397 1501 1443 1564 10.
1475 1501 1620 1580 plebano
1645 1509 1679 1562 et
1703 1518 1794 1561 com-

343 1610 533 1672 mendatori
556 1611 589 1672 in
611 1608 762 1671 Kladczk
786 1609 927 1672 salutem
949 1613 982 1672 in
1003 1610 1150 1672 domino.
1175 1609 1327 1671 Pervenit
1352 1611 1395 1670 ad
1419 1629 1491 1685 nos,
1509 1609 1601 1690 quod
1625 1617 1661 1670 tu
1686 1610 1795 1670 minus

343 1737 426 1778 sano
459 1717 581 1779 ductus
614 1715 755 1778 consilio
779 1716 822 1778 ad
847 1736 886 1778 ea
910 1717 1107 1796 plebanatus
1139 1717 1186 1779 tui
1216 1715 1373 1778 extendis
1405 1715 1560 1789 officium,
1585 1714 1793 1776 absolvendo

341 1828 628 1900 excomunicatoS,
663 1824 909 1885 introducendo
940 1824 1127 1902 penitentes
1152 1833 1185 1884 et
1209 1825 1256 1885 eis
1280 1825 1487 1901 penitencias
1519 1822 1721 1904 iniungendo
1755 1839 1794 1882 ac

342 1932 423 1993 alias
448 1931 640 1993 huiusmodi
664 1930 865 2004 exercend0,
891 1949 955 2011 que
979 1932 1021 1993 ad
1047 1939 1198 1993 nostrum
1230 1927 1421 2010 pontificale
1450 1930 1668 1992 ministerium
1693 1932 1793 2009 perti-

341 2058 418 2100 nere
450 2038 641 2118 specialiter
674 2038 916 2119 dignoscuntur
948 2042 1043 2101 iuxta
1075 2057 1247 2101 sacrorum
1272 2057 1440 2101 canonum
1466 2039 1623 2099 instituta.
1671 2033 1794 2114 Quare,

342 2165 417 2208 cum
453 2147 517 2208 hoc
553 2164 620 2208 non
656 2145 840 2207 debeamus
875 2164 937 2206 nec
973 2165 1151 2226 possumus
1191 2145 1402 2225 aliquatenus
1436 2143 1602 2218 tollerare,
1639 2164 1714 2206 cum
1751 2145 1793 2206 sit

339 2253 553 2314 temerarium
585 2259 618 2313 et
642 2253 822 2332 indignum,
847 2253 1046 2315 discrecioni
1078 2261 1135 2314 tue
1167 2254 1366 2316 mandamus
1390 2254 1421 2314 in
1447 2253 1564 2313 virtute
1596 2251 1793 2313 obediencie

340 2368 373 2420 et
397 2359 459 2420 sub
485 2377 572 2437 pena
596 2359 929 2421 excomunicacionis
953 2357 1090 2421 firmiter
1107 2369 1140 2420 et
1157 2360 1317 2436 districte,
1338 2369 1504 2440 quatenus
1529 2358 1613 2421 inira
1639 2369 1792 2420 octavam

340 2465 519 2542 epiphanie
545 2465 672 2527 domini
698 2465 851 2544 proxime
874 2473 1049 2528 venturam
1075 2485 1094 2526 a
1118 2465 1247 2548 prelate
1278 2467 1476 2528 temeritatis
1500 2484 1654 2540 excessu,
1679 2483 1791 2527 coram

339 2573 437 2634 nobis
462 2591 671 2650 comparens,
695 2573 723 2632 si
748 2581 854 2650 potes,
879 2571 1128 2634 racionabiliter
1152 2583 1184 2634 te
1209 2593 1361 2650 excuses,
1387 2574 1532 2653 alioquin
1566 2582 1691 2634 extunc
1720 2591 1792 2650 pre·

339 2677 440 2740 latam
461 2678 791 2742 excomunicacionis
814 2697 932 2756 penam
954 2681 1028 2759 ipso
1050 2678 1140 2742 iacto
1160 2689 1194 2740 te
1216 2683 1347 2744 noveris
1368 2681 1552 2742 incurrisse.
1581 2679 1702 2741 Datum
1728 2689 1791 2741 etc.

445 2835 507 2890 Fol.
527 2837 570 2888 31¹
590 2836 614 2889 d.
637 2839 696 2891 197.
716 2834 742 2888 O
762 2836 1022 2904 chronologickem
1043 2839 1173 2890 omezeni
1194 2837 1293 2889 rokem
1316 2841 1385 2890 1290
1406 2853 1482 2890 srov.
1503 2837 1582 2890 duod
1603 2837 1670 2889 11³.

1027 3163 1098 3224 198.

338 3299 463 3383 Biskup
492 3299 608 3364 Tobia'l
637 3304 784 3383 nar‘izuje
807 3302 975 3376 fordeum,
1000 3302 1060 3382 aby
1086 3302 1217 3382 vyavali
1246 3302 1373 3381 uybdrdi
1402 3303 1537 3366 desdtkri
1563 3304 1634 3386 pod
1654 3314 1784 3366 treslem

464 3407 571 3488 klatby
594 3409 635 3471 do
660 3409 703 3472 14
725 3409 785 3470 dni
807 3411 920 3472 odardst
940 3409 981 3471 do
1004 3409 1179 3492 biskupske'
1196 3409 1327 3491 komory
1349 3411 1494 3490 vybranl
1513 3408 1657 3491 desdtky.

1343 3565 1452 3650 (1279
1471 3605 1514 3615 -
1540 3571 1674 3640 12902).

394 3713 582 3792 Episcopus
606 3713 745 3774 mandat
769 3711 925 3790 plebanis,
950 3722 987 3774 ut
1011 3724 1185 3775 monerent
1210 3714 1456 3776 decimatores²
1481 3733 1543 3793 pro
1567 3709 1730 3776 decimisb

393 3821 456 3881 sub
480 3823 624 3882 termino
653 3829 687 3882 et
712 3821 928 3899 postmodum
953 3823 1058 3899 ipsosc
1084 3820 1332 3894 denunciarent,
1355 3823 1381 3882 si
1403 3840 1470 3883 non
1493 3821 1727 3899 persolverent.

442 3956 638 4044 Th(obias)‘¹
663 3962 718 4024 dei
735 3972 796 4024 etc.
821 3961 950 4025 dilectis
974 3962 1006 4024 in
1028 3960 1161 4025 Christo
1186 3963 1336 4042 plebanis
1362 3971 1409 4024 ..²
1433 3964 1475 4026 de
1500 4012 1531 4026 ..
1557 3975 1590 4026 et
1617 4011 1647 4024 ..
1673 3965 1715 4026 de
1741 4009 1773 4023 ..

336 4070 478 4132 salutem
510 4077 573 4130 etc.
622 4068 827 4131 Discrecioni
860 4078 969 4132 vestre
1001 4070 1201 4132 mandamus
1232 4074 1264 4132 in
1293 4074 1413 4132 virtute
1445 4073 1642 4134 obediencie
1667 4079 1701 4132 et
1724 4073 1787 4132 sub

335 4197 421 4256 pena
454 4176 784 4238 excomunicacionis
816 4176 953 4239 firmiter
977 4186 1011 4237 et
1034 4195 1204 4254 expresse,
1229 4187 1393 4258 quatenus
1430 4177 1530 4240 talem
1563 4179 1729 4240 decanum
1754 4187 1788 4240 et

335 4285 418 4346 tales
439 4283 662 4346 decimatores
683 4295 816 4346 nostros
838 4283 1001 4346 moneatis
1021 4284 1158 4345 indilate
1179 4285 1281 4346 verbo
1302 4295 1427 4359 nostro,
1444 4286 1536 4365 quod
1556 4285 1617 4362 ipsi
1638 4286 1787 4348 decimas

336 4404 477 4466 nostras,
502 4410 585 4471 quas
602 4391 752 4452 nondum
777 4390 956 4468 solverunt,
978 4389 1061 4453 infra
1085 4392 1341 4471 quatuordecim
1366 4393 1495 4453 dierum
1512 4395 1662 4472 spacium
1684 4391 1788 4474 Prage

338 4501 369 4560 in
394 4517 561 4560 cameram
594 4507 742 4559 nostram
776 4517 851 4560 cum
881 4501 989 4560 usuris
1013 4497 1284 4560 accrescentibus
1317 4518 1382 4561 non
1415 4497 1574 4561 differant
1606 4503 1787 4580 assignare,

336 4605 483 4683 alioquin
508 4614 634 4666 extunc
667 4625 728 4667 vos
762 4625 820 4667 eos
852 4605 1083 4686 sollempniter
1110 4615 1143 4667 et
1167 4605 1300 4683 publice
1326 4605 1356 4667 in
1383 4607 1538 4667 omnibus
1562 4607 1786 4668 decanatuum

301 4755 304 4762 ·
336 4711 533 4774 eorumdem
567 4712 717 4774 ecclesiis
749 4713 960 4774 denuncietis
992 4723 1026 4775 et
1057 4713 1249 4775 denunciari
1286 4711 1415 4775 faciatis
1446 4715 1786 4788 excomunicacionis,

334 4837 437 4898 quam
469 4828 594 4879 extunc
628 4828 746 4880 contra
778 4839 838 4880 eos
870 4819 1070 4897 proferimus
1095 4821 1126 4880 in
1152 4820 1215 4882 hiis
1248 4823 1388 4898 scriptis,
1412 4823 1580 4883 sentencie
1612 4823 1787 4884 subiacere

443 5063 470 5130 a)
490 5063 715 5123 ‚decimatorem‘
742 5063 790 5126 ln,
816 5065 978 5124 ‚decanum‘
1006 5062 1076 5130 Kap.
1090 5065 1111 5132 J.
1140 5092 1170 5101 ·—
1198 5065 1228 5128 b)
1254 5064 1356 5130 ,dictis¹
1383 5064 1431 5128 ln.¹
1459 5065 1595 5130 ,decimis¹
1623 5065 1694 5134 Kap.
1709 5066 1731 5134 J.
1754 5095 1786 5104 -

333 5151 360 5221 c)
381 5154 493 5220 ,ipsum‘
513 5153 552 5205 In.
572 5181 604 5191 -
626 5153 656 5218 d)
677 5152 736 5220 ,Jof
756 5152 827 5219 Kap.
840 5151 864 5220 J.
886 5181 918 5192 -
939 5151 966 5220 e)
986 5151 1026 5214 ,C.
1054 5153 1090 5205 de
1111 5193 1136 5206 ..
1157 5154 1207 5206 sal.
1234 5153 1262 5205 in
1288 5153 1415 5206 domino*
1441 5155 1546 5222 Kap.J.
1569 5184 1600 5194 -
1621 5155 1642 5222 f)
1663 5197 1683 5219 ,.
1700 5197 1706 5209 .
1726 5157 1785 5223 ple·

334 5243 415 5295 banis
436 5243 494 5294 sal.⁴
516 5241 554 5294 ln.
