3988 5844
1041 421 1091 470 166

1029 635 1102 698 213.

343 772 470 855 Biskup
500 772 617 836 Tobia'l
632 777 707 856 pile
719 773 868 853 Jtzky‘msi
890 775 1086 848 llechticrim,
1119 777 1179 857 aby
1211 778 1462 842 nezabrariovali
1491 782 1582 859 sanim
1603 779 1791 861 poddany'm

851 882 952 962 platz't
972 883 1119 946 clrkevnz'
1138 884 1277 947 desdtek.

1394 988 1680 1078 (1279-129012).

523 1131 712 1211 Episcopus
736 1135 851 1196 scribit
876 1135 1001 1210 baroni,
1025 1144 1060 1196 ut
1085 1153 1152 1196 non
1172 1135 1383 1198 interdiceret
1406 1138 1611 1216 pauperibus

523 1239 730 1302 solucionem
756 1241 970 1316 decimarum,
995 1243 1065 1304 sine
1090 1261 1155 1322 qua
1173 1243 1346 1305 solucione
1363 1243 1474 1306 nullus
1490 1243 1608 1305 salvari

1008 1357 1129 1428 potest.

451 1486 645 1569 ThlobiasJ'
661 1490 714 1552 dei
731 1493 840 1571 gracia
866 1500 927 1553 etc.
944 1491 1112 1553 nobilibus
1136 1493 1213 1554 viris
1236 1501 1297 1554 etc.
1323 1490 1415 1554 Scire
1439 1491 1577 1568 debetis,
1603 1491 1693 1572 quod
1720 1492 1792 1554 sine

343 1599 515 1660 solucione
533 1596 744 1673 decimarum,
761 1618 826 1678 que
843 1599 1062 1678 omnipotenti
1079 1599 1145 1660 deo
1161 1599 1330 1680 insignum
1348 1599 1539 1662 universalis
1557 1599 1790 1662 debenturdo·

344 1706 433 1767 minii
450 1714 482 1766 et
498 1714 573 1767 sunt
596 1705 719 1766 tributa
745 1708 919 1787 egencium
935 1706 1128 1781 animarum,
1144 1705 1258 1768 salutis
1273 1717 1386 1769 eterne
1403 1705 1574 1788 protectus
1591 1706 1705 1768 haberi
1723 1725 1791 1768 non

345 1821 465 1890 potest,
481 1811 558 1892 quia
574 1813 644 1872 sine
661 1811 832 1873 solucione
845 1811 1049 1874 decimarum
1066 1811 1174 1875 nullus
1191 1813 1347 1889 salvatur,
1364 1823 1464 1892 prout
1479 1815 1582 1890 ipsius
1598 1812 1653 1875 dei
1669 1825 1703 1875 et
1716 1832 1789 1876 san-

342 1933 472 1981 ctorum
498 1926 631 1998 patrum
655 1920 827 1980 continent
851 1921 1009 1982 instituta.
1035 1917 1147 1999 Quare
1180 1919 1390 1984 nobilitatem
1419 1931 1563 1984 vestram
1589 1921 1792 2002 requirimus

343 2046 387 2087 ex
412 2024 542 2100 affectu,
565 2035 732 2106 quatenus
757 2025 908 2088 homines
933 2035 1126 2105 spectantes
1151 2029 1194 2090 ad
1219 2039 1374 2104 castrum,
1399 2029 1492 2108 quod
1517 2031 1549 2090 in
1574 2039 1684 2091 vestra
1709 2047 1788 2090 con-

344 2133 429 2195 sistit
452 2133 615 2209 custodia,
646 2142 682 2195 ut
706 2133 804 2196 nobis
828 2133 976 2195 decimas
1011 2145 1144 2196 nostras
1176 2137 1246 2196 sine
1278 2135 1474 2198 difficultate
1498 2135 1682 2199 exhibeant
1706 2139 1793 2198 sicut

345 2242 471 2303 debent
502 2259 569 2302 non
602 2239 815 2319 prohibeatis,
847 2242 932 2303 sicut
966 2241 1009 2302 de
1040 2242 1136 2304 vobis
1160 2241 1369 2318 confidimus,
1401 2243 1512 2325 aliqua
1536 2245 1680 2320 racione,
1711 2263 1793 2322 ymo

343 2367 403 2410 eos
428 2348 471 2410 ad
494 2349 527 2411 id
553 2349 670 2427 pocius
686 2349 859 2423 inducatis
883 2349 1035 2424 scientes,
1060 2350 1151 2430 quod
1169 2369 1230 2412 nec
1248 2351 1347 2413 castri
1364 2349 1538 2433 Pragensis
1556 2351 1712 2414 homines
1729 2369 1792 2414 nec

345 2456 445 2535 aliqui
470 2454 523 2518 alii
546 2450 613 2517 abb
636 2456 825 2519 huiusmodi
849 2455 1019 2519 salutifero
1044 2457 1170 2519 honere
1194 2466 1272 2520 sunt
1295 2458 1452 2537 exempti,
1477 2459 1509 2520 in
1525 2459 1597 2522 aliis
1620 2479 1709 2536 vero,
1734 2461 1791 2522 ubi

345 2562 529 2641 periculum
561 2584 628 2627 non
660 2567 797 2626 vertitur
830 2567 1024 2638 animarum,
1061 2564 1104 2626 ad
1133 2583 1250 2643 preces
1280 2572 1408 2626 vestras
1440 2564 1602 2628 iaciemus
1634 2576 1794 2647 prompto

346 2671 466 2754 animo,
490 2671 581 2753 quod
607 2671 705 2734 luerit
727 2671 917 2734 faciendum
942 2672 985 2734 ad
1010 2679 1156 2734 vestrum
1181 2671 1398 2734 commodum
1422 2683 1457 2734 et
1483 2673 1655 2735 honorem.

453 2827 513 2881 Fol.
537 2833 581 2881 35¹
606 2827 629 2882 c.
658 2833 718 2892 213,
744 2831 789 2882 tei
818 2845 836 2880 v
862 2831 904 2882 rk.
925 2829 1054 2898 kapituly
1072 2828 1197 2882 Praiske
1216 2828 1231 2898 J
1250 2825 1296 2881 40l
1316 2828 1363 2882 fol.
1383 2832 1452 2881 275¹.
1490 2829 1516 2883 O
1536 2829 1794 2900 chronologicktm

347 2919 478 2971 omezeni
497 2919 597 2972 rokem
618 2922 687 2971 1290
707 2934 782 2972 srov.
802 2919 881 2974 rivod
901 2919 924 2971 ll
945 2923 971 2972 3.

1034 3225 1108 3286 214.

400 3367 523 3448 Biskup
554 3365 669 3429 Tobto'l
688 3368 854 3449 poturauje
877 3366 898 3425 k
921 3366 1052 3428 tddostz·
1072 3365 1220 3428 slechrz‘ce
1244 3366 1316 3429 Em.
1341 3366 1438 3428 knlae
1464 3366 1521 3439 Ja.
1547 3389 1590 3429 za
1605 3368 1739 3445 fordr'e.

1401 3524 1683 3610 (1279-12902).

482 3671 592 3734 Litera
617 3670 884 3732 confirmacionis
908 3669 950 3732 ad
975 3671 1152 3732 ecclesiam
1169 3669 1213 3731 ad
1230 3670 1516 3750 presentacionem
1541 3669 1660 3732 nobilis

979 3779 1161 3840 cuiusdam.

418 3977 423 3986 .
454 3921 525 3984 Nos
548 3915 743 4003 Th(obias)c
769 3922 824 3984 dei
856 3922 966 4002 gracia
990 3932 1052 3983 etc.
1084 3930 1203 3983 notum
1236 3939 1310 3982 esse
1341 3919 1494 3982 volumus
1526 3920 1689 3982 universis
1721 3939 1794 3999 pre·

349 4023 482 4091 sentesd
515 4029 628 4091 literas
659 4029 866 4108 inspecturis,
902 4027 995 4108 quod
1030 4048 1090 4090 nos
1126 4027 1168 4090 ad
1201 4029 1403 4105 peticionem
1435 4038 1469 4090 et
1504 4030 1796 4108 presentacionem

348 4134 468 4198 nobilis
492 4137 551 4198 viri
576 4135 661 4198 lim.e
686 4136 766 4197 dicti
790 4137 855 4198 de.
874 4185 879 4198 .
898 4135 1076 4198 ecclesiam
1100 4136 1162 4198 de.
1182 4184 1187 4196 .
1205 4134 1289 4206 villa,
1314 4138 1347 4196 in
1363 4155 1429 4216 qua
1445 4134 1535 4197 idem
1552 4135 1672 4198 nobilis
1689 4135 1795 4197 modo

349 4243 510 4324 legittimo
526 4245 578 4305 ius
592 4244 721 4305 obtinet
738 4251 944 4322 patronatus,
960 4237 1022 4323 Ja.f
1048 4242 1168 4304 clerico
1185 4242 1229 4305 de
1246 4241 1361 4323 Praga,
1379 4241 1557 4304 exhibitori
1574 4243 1796 4321 presencium,

349 4354 547 4413 auctoritate
571 4369 638 4430 qua
661 4348 825 4431 fungimur
850 4350 1075 4412 confirmanus
1107 4359 1140 4410 et
1163 4351 1305 4412 eandem
1330 4348 1623 4410 confirmacionem
1648 4359 1795 4410 nostram

350 4460 514 4536 presentis
538 4460 652 4536 scripti
677 4459 862 4536 patrocinio
887 4457 1142 4530 communimus,
1166 4454 1258 4537 quod
1283 4456 1393 4518 eidem
1417 4455 1481 4534 Ja.g
1504 4455 1536 4516 in
1568 4455 1795 4518 testimonium

351 4565 447 4626 huius
472 4565 517 4626 rei
541 4577 574 4626 et
606 4565 811 4626 evidenciam
843 4563 1051 4626 manifestam
1084 4563 1155 4625 dari
1187 4563 1327 4626 lecimus
1358 4562 1452 4645 sigilli
1483 4564 1589 4626 nostri
1614 4565 1797 4624 munimine

351 4673 554 4736 roboratum.
580 4670 704 4733 Datum
730 4665 878 4753 (Prage)¹¹
908 4680 974 4734 etc.

458 4809 517 4863 Fol.
537 4807 579 4862 35¹
605 4809 629 4862 ἐ.
655 4815 715 4871 214,
741 4811 786 4863 tei
818 4826 836 4862 v
861 4811 902 4863 rk.
930 4809 1059 4878 kapituly
1086 4807 1209 4861 Pratske
1226 4807 1240 4874 J
1260 4805 1308 4862 40¹³
1327 4807 1374 4860 iol.
1394 4807 1455 4862 235¹
1486 4808 1609 4861 dvakrat
1635 4824 1668 4861 za
1693 4807 1797 4860 sebou.

314 4923 319 4936 ·
351 4898 652 4970 Ochronologickem
672 4899 804 4953 omezeni
824 4901 922 4952 rokem
944 4903 1014 4952 1290
1034 4914 1109 4952 srov.
1132 4898 1211 4950 rivod
1232 4897 1298 4951 113.

458 5076 485 5146 a)
505 5078 562 5142 ,lo.‘
588 5077 659 5146 Kap.
674 5079 695 5148 J.
718 5109 748 5118 -
769 5081 798 5148 b)
826 5078 881 5143 ,ad¹
902 5079 950 5139 ln..
970 5079 1024 5142 ,ab'
1044 5077 1115 5144 Kap.
1127 5075 1150 5145 J.
1173 5105 1203 5115 -·
1224 5075 1251 5145 c)
1271 5075 1321 5144 ,Jo‘
1341 5075 1414 5144 Kap.
1427 5075 1448 5144 J.
1476 5105 1508 5114 —
1535 5076 1565 5143 d)
1592 5075 1797 5144 ,presentibus‘

350 5168 400 5228 In,
424 5172 591 5235 ,presentes‘
617 5167 691 5236 Kap.
704 5167 727 5236 J.
760 5197 792 5206 -
824 5169 851 5236 e)
872 5169 951 5230 ,civis
970 5169 1016 5220 de‘
1036 5166 1108 5234 Kap.
1121 5165 1144 5234 J,
1165 5163 1196 5228 ,C
1216 5167 1302 5220 de..‘
1323 5167 1394 5234 Kap.
1412 5165 1425 5233 J
1445 5167 1510 5233 opis
1529 5165 1632 5232 druhy.
1659 5192 1690 5201 —
1712 5163 1735 5231 s)
1755 5165 1798 5233 ,J.‘

352 5257 423 5325 Kap.
441 5256 463 5324 J.
489 5286 524 5294 -
548 5259 577 5328 g)
597 5257 656 5324 ,Jot
677 5257 747 5324 Kap.
766 5258 789 5326 J.
817 5285 849 5295 -
876 5259 905 5318 h)
926 5257 1081 5322 Doplneno
1101 5256 1149 5308 dle
1169 5256 1241 5322 Kap.
1262 5256 1284 5324 J.
