3988 5844
1028 395 1080 446 168

330 631 467 689 precum
491 611 610 674 intuitu
634 613 780 674 caritatis
804 610 915 674 officio
940 618 1145 689 pertractare
1169 611 1360 692 dignemini,
1384 609 1477 691 quod
1507 611 1578 688 ipse
1602 608 1692 687 apud
1717 627 1776 669 vos

328 739 443 799 preces
468 729 600 781 nostras
624 720 685 780 sibi
708 719 836 781 senciat
859 717 1032 800 profuisse,
1057 737 1189 798 nosque
1212 719 1266 798 pie
1291 717 1482 796 paternitati
1507 725 1617 778 vestre
1634 735 1693 796 per
1711 715 1776 776 boc

330 827 518 907 specialiter
550 827 737 908 obligemur
769 827 801 888 in
835 846 914 889 casu
948 825 1044 887 simili
1076 837 1109 887 et
1133 827 1252 888 maiori
1285 824 1327 886 ad
1353 823 1518 904 condigne
1542 822 1778 884 vicissitudinis

331 938 547 1013 repensivam.
573 933 697 996 Datum
722 943 783 996 etc.

439 1089 499 1143 Fol.
519 1095 552 1142 36
578 1091 601 1142 d.
627 1094 687 1154 216,
712 1091 757 1144 tei
784 1106 801 1141 v
821 1092 958 1158 rukopise
985 1091 1117 1159 kapituly
1146 1088 1293 1155 PraiskeJ
1309 1085 1355 1140 ⁴0⁶
1375 1088 1423 1141 sol.
1448 1091 1511 1139 26⁴.
1537 1085 1603 1139 Rolr
1629 1089 1709 1144 1290,
1738 1086 1778 1138 do

331 1179 453 1232 ktereno
471 1180 565 1248 trvaly
585 1179 677 1232 bouie
696 1196 714 1232 v
734 1164 877 1240 Cechach,
903 1179 980 1232 tvoii
1004 1179 1145 1232 terminus
1171 1180 1208 1232 ad
1228 1193 1322 1246 quem.
1352 1176 1434 1231 Srov.
1460 1175 1506 1230 tei
1528 1192 1610 1244 poan.
1631 1193 1650 1230 u
1670 1175 1694 1229 ὖ.
1714 1180 1776 1228 210.

1015 1485 1090 1548 217.

337 1626 465 1708 Biskup
487 1628 603 1691 Tobicts'
623 1628 768 1710 dovoluy'e
788 1627 902 1708 sardii
927 1629 968 1706 S,
998 1626 1059 1708 uby
1087 1638 1129 1710 po
1160 1627 1240 1690 dobu
1265 1627 1419 1710 nepolrojti
1448 1648 1481 1689 se
1512 1627 1572 1686 dal
1585 1635 1778 1705 zastupovat

856 1755 899 1796 na
923 1738 981 1796 sol
991 1736 1072 1816 far'e
1094 1733 1247 1797 vikdr'em.

1405 1823 1667 1903 (1279-1290J.

462 1966 650 2047 Episcopus
675 1977 812 2046 propter
835 1971 1046 2030 inimicorum
1071 1968 1208 2030 insidias
1233 1967 1385 2030 licenciat
1401 1966 1546 2046 plebano
1563 1986 1640 2028 vero

675 2094 733 2153 per
756 2075 914 2137 vicarium
940 2075 1118 2137 ecclesiam
1143 2095 1236 2138 suam
1263 2075 1437 2138 deservire.

437 2211 636 2297 Th(obias)²
652 2217 705 2278 dei
722 2219 834 2299 gracia
852 2227 915 2280 etc.
933 2217 1093 2280 universis
1110 2227 1283 2295 presentes
1300 2216 1411 2279 literas
1424 2217 1622 2296 inspecturis
1634 2217 1777 2278 salutem

330 2323 361 2385 in
388 2322 533 2386 domino.
559 2321 642 2386 Cum
668 2333 807 2404 propter
832 2325 993 2404 capitales
1017 2325 1209 2388 inimicicias
1234 2333 1268 2386 et
1284 2335 1420 2400 metum,
1446 2326 1502 2403 qui
1519 2333 1631 2402 potest
1654 2323 1777 2386 cadere

329 2433 362 2492 in
381 2441 597 2508 constantem,
622 2432 782 2494 honestus
799 2433 846 2493 vir
862 2431 911 2494 S?
934 2433 1118 2512 presbyter,
1143 2431 1307 2512 plebanus
1322 2431 1463 2494 ecclesie
1481 2432 1524 2494 de
1542 2480 1548 2492 .
1566 2479 1582 2507 .,
1607 2433 1640 2492 in
1656 2431 1777 2494 eadem

330 2537 470 2600 ecclesia
495 2539 722 2616 personaliter,
746 2539 833 2601 sicut
864 2540 971 2614 vellet,
1004 2558 1072 2601 non
1096 2538 1202 2601 valeat
1228 2539 1405 2618 deservire,
1430 2541 1638 2602 universitati
1669 2549 1778 2601 vestre

329 2651 446 2705 tenore
483 2647 691 2723 presencium
726 2646 880 2708 volumus
915 2666 990 2708 esse
1021 2657 1149 2719 notum,
1182 2648 1273 2728 quod
1307 2667 1370 2710 nos
1402 2667 1446 2708 ex
1478 2666 1579 2709 causa
1611 2647 1778 2720 iamdicta,

330 2751 522 2814 racionabili
546 2761 647 2833 atque
683 2754 768 2816 iusta
794 2753 937 2831 plebano
962 2753 1132 2830 iamdicto,
1166 2764 1202 2816 ut
1232 2757 1264 2816 in
1289 2753 1419 2834 prelata
1445 2755 1586 2816 ecclesia
1612 2755 1711 2827 de..,
1744 2755 1777 2816 in

329 2877 395 2938 qua
420 2859 637 2921 iamdudum
663 2881 721 2940 per
745 2881 807 2923 nos
833 2863 992 2923 canonice
1017 2861 1222 2942 dignoscitur
1247 2862 1426 2937 institutus
1450 2882 1509 2942 per
1533 2863 1693 2925 vicarium
1718 2860 1776 2922 de·

329 2968 451 3027 servire
475 2965 584 3030 valeat
608 2967 747 3029 durante
772 2967 958 3030 hostilitatis
990 2967 1140 3048 periculo
1165 2970 1369 3049 supradicto,
1394 2973 1596 3032 auctoritate
1621 2971 1683 3030 sibi
1709 2988 1776 3049 qua

329 3071 494 3154 [ungimur
510 3073 728 3156 indulgemus,
754 3079 898 3154 proviso,
923 3075 1015 3156 quod
1041 3077 1201 3154 premissa
1226 3075 1267 3138 de
1286 3124 1291 3137 .
1310 3125 1316 3138 .
1334 3077 1476 3140 ecclesia
1494 3077 1607 3139 medio
1624 3085 1777 3156 tempore

331 3179 453 3241 debitis
478 3199 545 3242 non
570 3179 741 3243 fraudetur
765 3183 937 3264 obsequiis
960 3193 994 3244 et
1018 3186 1204 3246 animarum
1228 3203 1309 3246 cura
1326 3184 1450 3248 ibidem
1469 3184 1659 3247 nullatenus
1674 3183 1776 3265 negli-

330 3295 437 3368 gatur.
464 3285 500 3347 In
525 3289 619 3349 cuius
643 3305 705 3349 etc.
732 3287 856 3351 Datum
881 3299 942 3351 etc.

437 3442 497 3497 Fol.
517 3447 559 3497 36.
579 3443 603 3497 ἐ.
625 3449 684 3504 217,
698 3445 744 3497 tei
758 3461 775 3495 v
789 3446 927 3513 rukopise
947 3447 1075 3515 kapituly
1093 3447 1216 3500 Praiske
1233 3447 1246 3516 J
1267 3447 1457 3502 40's01.237¹.
1478 3447 1505 3503 Ο
1519 3449 1776 3517 chronologickem

330 3532 431 3586 urdeni
449 3549 525 3588 srov.
545 3549 626 3601 pozn.
648 3551 666 3586 u
686 3535 711 3588 d.
731 3534 994 3605 ptedchazejlcino.

1019 3825 1094 3887 218.

330 3961 455 4046 Biskup
485 3965 515 4027 T
511 3964 599 4027 obtat
622 3965 769 4048 dozroluje
794 3965 837 4028 H.
852 3968 975 4049 sardii
994 3967 1117 4030 kostela
1141 3967 1235 4030 vteclr
1259 3969 1392 4048 svaty‘clz
1416 3989 1437 4030 v
1461 3969 1688 4032 Litomlliciclr
1713 3970 1777 4031 dlit

694 4073 739 4136 tn·
761 4074 825 4136 le'ta
847 4094 888 4135 aa
905 4076 1055 4155 pr'r‘d'nou
1077 4075 1180 4137 studii
1202 4078 1299 4137 mimo
1314 4077 1409 4158 saru.

1387 4213 1669 4302 (1279-129m).

464 4356 654 4438 Episcopus
678 4359 737 4421 dat
760 4359 934 4422 licenciam
966 4360 1112 4440 plebano
1144 4362 1344 4426 absentandi
1374 4381 1433 4442 per
1463 4362 1642 4425 triennium

753 4468 796 4529 ab
822 4467 961 4531 ecclesia
985 4479 1019 4530 et
1042 4468 1155 4531 standi
1177 4470 1209 4532 in
1234 4470 1355 4532 studio

437 4602 617 4690 Th(obias)
643 4609 699 4672 dei
723 4611 835 4691 gracia
860 4619 921 4672 etc.
947 4611 1071 4674 dilecto
1096 4615 1128 4674 in
1153 4608 1287 4674 Christo
1311 4611 1379 4674 filio
1397 4611 1439 4674 H.
1465 4612 1611 4692 plebano
1635 4612 1777 4675 ecclesie

328 4715 475 4776 omnium
499 4727 691 4778 sanctorum
715 4720 748 4780 in
773 4717 983 4780 Lutomericz
1008 4719 1151 4781 salutem
1175 4721 1207 4781 in
1232 4719 1379 4782 domino.
1405 4719 1605 4782 Devocionis
1628 4730 1686 4782 tue
1703 4740 1777 4799 pre·

329 4824 423 4884 cibus
448 4823 602 4898 inclinati,
634 4835 669 4886 ut
692 4834 728 4887 tu
754 4823 838 4887 inira
862 4828 962 4889 trium
986 4845 1149 4889 annorum
1174 4829 1323 4907 spacium
1349 4827 1453 4890 libere
1486 4827 1529 4888 ab
1553 4825 1696 4889 ecclesia
1719 4837 1777 4889 tua

327 4937 360 4989 te
384 4930 559 4992 absentare
584 4931 703 5006 valeas,
728 4927 880 4994 dedensb
905 4929 963 5014 (te)
980 4935 1149 4996 literarum
1166 4934 1292 5010 studio,
1317 4935 1511 5015 ubicunque
1527 4935 1588 4996 tibi
1612 4933 1778 4997 videbitur

328 5035 499 5116 expedire,
524 5041 726 5100 auctoritate
743 5041 802 5101 tibi
821 5059 887 5120 qua
904 5037 1070 5122 fungimur
1086 5039 1313 5103 favorabiliter
1330 5041 1549 5124 indulgemus,
1574 5041 1607 5104 in
1624 5043 1777 5122 predicta

437 5231 466 5295 a)
486 5229 589 5284 Schazi
608 5247 625 5282 v
645 5231 717 5298 Kap.
736 5229 758 5298 J.
779 5260 811 5269 -
831 5233 862 5296 b)
882 5232 1034 5295 ,dedimus‘
1054 5233 1093 5287 ln.
