3968 5848
1045 406 1080 456 08

339 621 388 702 Jo.
413 640 500 683 nunc
518 668 524 683 .
542 629 565 684 ‚²
589 619 856 699 archidyaconus
879 623 1074 684 eorumdem
1098 621 1233 685 alterius
1257 621 1465 687 condicionis
1487 643 1554 686 non
1578 627 1702 688 existat
1721 645 1785 687 nec

339 731 485 791 existere
517 729 647 805 debeat,
684 747 786 808 quarn
810 730 1030 809 predecessor
1054 749 1133 792 suus
1156 731 1307 794 extiterit
1329 733 1552 812 supradictus,
1586 733 1784 795 discrecioni

339 846 447 900 vestre
479 837 678 900 mandamus
708 837 742 898 in
773 837 893 899 virtute
925 837 1128 901 obediencie
1152 846 1185 898 et
1208 839 1271 899 sub
1295 856 1383 916 pena
1408 838 1568 902 canonica
1591 838 1729 902 firmiter
1752 851 1786 902 et

339 962 510 1022 expresse,
545 955 711 1024 quatenus
743 942 882 1022 quilibet
913 953 1059 1007 vestrum
1092 945 1229 1007 cuilibet
1252 945 1396 1025 plebano
1420 953 1454 1008 et
1477 947 1697 1026 viceplebano
1721 948 1785 1010 sibi

339 1052 490 1115 subiecto
522 1053 685 1133 precipiat
716 1049 851 1113 firmiter
882 1062 915 1113 et
946 1053 1103 1129 districte,
1138 1062 1175 1114 ut
1197 1053 1269 1132 ipse
1297 1048 1334 1134 ιβ,
1361 1051 1525 1116 fertonem
1548 1055 1629 1118 boni
1653 1063 1687 1117 et
1711 1057 1785 1133 puri

339 1162 466 1240 argenti
502 1162 535 1221 in
571 1161 726 1238 proximo
762 1157 847 1220 festo
883 1161 1110 1222 conversionis
1142 1161 1248 1222 sancti
1284 1159 1383 1233 Pauli,
1422 1163 1513 1223 omni
1548 1165 1784 1240 excusacione,

339 1267 516 1328 occasione
551 1276 584 1328 et
620 1265 786 1328 dilacione
818 1267 963 1343 remotis,
1000 1266 1095 1328 vobis
1127 1267 1265 1346 predicti
1297 1270 1446 1349 magistri
1469 1267 1517 1347 Ja.
1542 1269 1785 1347 archidyaconi

339 1375 438 1436 vestri
461 1376 599 1435 nomine
619 1372 760 1436 fideliter
776 1381 809 1435 et
825 1373 1029 1454 integraliter
1045 1393 1113 1436 non
1129 1373 1264 1437 differat
1279 1375 1449 1452 exhibere,
1473 1376 1621 1458 alioquin
1637 1377 1785 1458 ipsorum

337 1480 527 1560 quemlibet,
563 1483 618 1562 qui
650 1481 745 1542 vobis
776 1499 844 1542 non
868 1481 1055 1543 obediverit
1079 1485 1112 1542 in
1137 1481 1200 1542 hac
1224 1491 1328 1559 parte,
1365 1491 1491 1546 extunc
1515 1482 1726 1546 denuncietis
1751 1495 1786 1545 et

339 1588 537 1650 denunciari
568 1585 697 1650 faciatis
729 1589 762 1649 in
795 1589 948 1650 omnibus
980 1590 1206 1650 decanatuum
1238 1597 1425 1651 vestrorum
1449 1589 1609 1665 ecclesiis,
1645 1589 1785 1668 pulsatis

340 1694 508 1773 campanis
540 1703 574 1755 et
605 1693 753 1757 candelis
786 1695 950 1773 extinctis,
985 1695 1121 1778 singulis
1153 1695 1270 1758 diebus
1301 1696 1475 1758 dominicis
1506 1707 1541 1760 et
1570 1695 1695 1760 festivis
1724 1717 1784 1760 ex·

338 1801 631 1876 comunicacionis,
653 1820 755 1882 quam
778 1821 840 1864 nos
863 1822 996 1865 exnunc
1021 1811 1138 1865 contra
1163 1804 1410 1866 inobedientem
1441 1804 1626 1884 quemlibet
1656 1806 1689 1867 in
1719 1805 1785 1867 hoc

339 1927 419 1970 casu
452 1911 484 1971 in
516 1907 580 1970 hiis
604 1909 733 1988 scriptis
757 1910 964 1988 proferimus,
997 1929 1102 1990 usque
1126 1912 1170 1973 ad
1194 1909 1461 1974 satisfaccionem
1485 1913 1686 1995 condignam
1710 1931 1784 1974 sen·

336 2017 445 2078 tencie
469 2016 651 2078 subiacere.
677 2014 778 2096 Quod
803 2019 921 2080 sinon
945 2015 1099 2090 feceritis,
1124 2037 1183 2080 vos
1207 2018 1268 2098 ipsi
1288 2017 1429 2080 similem
1448 2020 1782 2084 excomunicacionis

339 2127 543 2186 sentenciam
567 2117 768 2186 incurretis.b
793 2123 917 2187 Datum
942 2135 1005 2188 etc.

446 2279 506 2333 Fol.
529 2283 562 2332 12
582 2279 606 2332 ὅ.
629 2283 671 2342 78,
700 2279 746 2333 tei
776 2281 854 2334 vrk.
881 2281 1010 2350 kapituly
1038 2281 1163 2335 Prafske
1188 2279 1269 2350 140⁶
1305 2281 1350 2336 fol.
1378 2287 1438 2337 250.
1470 2281 1496 2336 O
1525 2283 1782 2353 chronologiclrem

338 2368 471 2422 omezeni
492 2369 593 2423 rolrem
614 2373 684 2423 1290
702 2385 777 2423 srov.
798 2371 878 2424 tivod
896 2371 922 2424 ll
940 2375 964 2424 3.

450 2495 469 2559 ¹)
491 2495 748 2555 ‚Kathedraticum‘
771 2497 801 2565 je
828 2495 974 2564 poplatek,
1002 2497 1087 2566 ktery
1106 2496 1217 2550 vsiehni
1237 2495 1358 2550 laralia
1377 2495 1539 2550 beneficiati
1558 2497 1675 2552 diecese
1695 2497 1785 2552 roche

339 2582 408 2649 plati
427 2583 582 2652 biskupovi
602 2585 640 2637 ke
659 2584 774 2638 kostelu
793 2585 1027 2640 kathedralnimu
1047 2601 1084 2639 na
1103 2585 1236 2640 anamenl
1255 2587 1306 2640 sve
1325 2586 1485 2640 odvislosti.

1038 2875 1090 2938 79.

340 3011 517 3095 Arcr'jdhcn
533 3015 705 3096 oznamuje
719 3013 882 3077 dlkanovz'
893 3015 1024 3079 cruciaci
1038 3037 1060 3078 a
1071 3019 1212 3099 porculi,
1231 3018 1360 3102 'abyjej
1371 3017 1501 3080 veichni
1514 3015 1610 3081 knlair'
1621 3017 1785 3082 dekandtu

779 3141 818 3184 ve
839 3122 937 3204 svy'clr
954 3123 1137 3204 ph'bytcich
1161 3123 1336 3188 olekdvali.

1460 3230 1677 3316 (2-12902).

520 3387 800 3468 Archidyaconus
824 3390 961 3452 mandat
984 3394 1124 3462 decano¹
1156 3403 1193 3455 ut
1216 3395 1325 3472 ipsum
1353 3395 1387 3456 in
1410 3394 1515 3457 domo
1538 3413 1597 3456 sua

942 3499 1188 3578 prestolaretur.

449 3637 489 3701 N.
507 3637 777 3716 archidyaconus
793 3640 868 3702 talis
885 3640 1009 3702 dilecto
1026 3643 1058 3702 in
1077 3637 1208 3704 Christo
1225 3641 1292 3704 filio
1311 3649 1354 3705 ..⁶
1370 3643 1501 3706 decano
1520 3692 1546 3705 ..
1564 3644 1705 3707 salutern
1722 3651 1786 3707 etc.

341 3745 426 3810 Cum
457 3746 552 3807 iuxta
582 3764 754 3808 sacrorum
786 3765 953 3809 canonum
985 3741 1124 3809 statutad
1154 3757 1304 3811 nostrum
1336 3750 1607 3812 archidiaconale
1638 3749 1786 3813 officium

342 3853 417 3924 hoc
431 3855 596 3932 exposcit,
620 3862 658 3916 ut
681 3857 780 3916 unius
796 3855 955 3934 cuiusque
971 3854 1076 3916 nostri
1093 3855 1218 3918 subditi
1235 3855 1382 3932 domum,
1406 3859 1492 3921 sicut
1508 3858 1656 3938 expedit,
1672 3877 1787 3938 perso·

341 3961 458 4022 naliter
467 3961 644 4037 visitantes,
655 3979 882 4041 procuremus,
896 3969 996 4039 prout
1008 3963 1201 4040 poterimus,
1213 3963 1360 4040 ipsorum
1374 3965 1556 4027 comodum
1569 3975 1603 4026 et
1615 3965 1787 4040 honorem,

342 4076 375 4128 et
391 4067 447 4147 qui
465 4073 596 4129 eorum⁸
611 4069 712 4129 vitam
735 4067 863 4129 ducunt
886 4069 1066 4130 enormiter
1090 4069 1296 4145 dissolutam,
1320 4073 1407 4134 sicut
1430 4072 1528 4135 nobis
1552 4073 1656 4134 visum
1680 4071 1786 4148 fuerit,

342 4177 558 4254 corrigamus,
581 4175 623 4236 ad
641 4182 763 4236 statum
788 4172 994 4236 salutiferum
1019 4185 1221 4252 revocantes,
1245 4175 1389 4258 ideoque
1413 4179 1608 4241 discrecioni
1624 4188 1681 4240 tue
1698 4197 1786 4241 man·

342 4281 462 4344 damus
499 4285 531 4344 in
562 4284 682 4344 virtute
714 4280 911 4344 obediencie
942 4281 1080 4346 firmiter
1110 4292 1144 4345 et
1176 4303 1346 4362 expresse,
1382 4295 1547 4365 quatenus
1571 4287 1730 4348 universis
1753 4295 1788 4348 et

340 4388 478 4470 singulis
513 4389 699 4468 rectoribus
731 4390 947 4452 ecclesiarum
970 4391 1154 4452 decanatus
1177 4393 1227 4452 tui
1251 4391 1332 4452 dare
1356 4392 1482 4455 debeas
1507 4401 1622 4456 nostro
1647 4396 1785 4456 nornine

341 4495 476 4557 firmiter
501 4499 534 4558 in
559 4501 733 4576 preceptis,
758 4504 795 4559 ut
818 4517 879 4560 nos
904 4497 962 4559 tali
977 4505 1130 4574 tempore
1146 4499 1177 4558 in
1192 4499 1343 4576 ipsorum
1359 4498 1516 4562 domibus
1531 4499 1640 4562 taliter
1657 4509 1786 4579 presto-

342 4601 459 4680 lentur,
485 4605 575 4685 quod
600 4604 722 4666 domus
746 4615 779 4666 et
802 4615 926 4668 statum
951 4608 1099 4682 ipsorum
1124 4608 1270 4667 invenire
1287 4604 1455 4668 valeamus
1472 4609 1585 4685 scopis
1601 4607 1787 4670 honestatis

342 4718 376 4774 et
400 4711 604 4788 devocionis
628 4720 665 4773 ut
688 4711 835 4790 expedit,
860 4721 1072 4794 expurgatas.
1097 4711 1222 4774 Datum
1246 4719 1309 4773 etc.

449 4868 510 4924 Fol.
531 4875 564 4923 12
584 4869 609 4923 ὅ.
630 4873 672 4934 79,
691 4869 737 4924 tei
756 4883 774 4922 v
793 4871 930 4938 rulropise
950 4871 1080 4940 kapituly
1105 4869 1228 4924 Praiske
1246 4870 1262 4940 J
1281 4867 1328 4924 40b
1347 4869 1395 4924 fol.
1409 4874 1468 4922 265.
1489 4869 1785 4940 Ochronologickem

341 4961 472 5013 omezenf
492 4961 594 5013 rokem
616 4965 684 5015 1290
703 4974 779 5014 srov.
799 4959 877 5014 rivod
896 4960 962 5015 113.

449 5159 476 5223 a)
497 5155 691 5219 ,Curimensis‘
711 5154 783 5224 Kap.
803 5155 827 5225 J.
846 5184 879 5194 -
899 5155 929 5221 b)
949 5157 1104 5221 ,incuratis⁴
1117 5157 1156 5210 In.
1170 5157 1326 5224 ,incuretis‘
1346 5157 1417 5223 Kap.
1430 5155 1452 5224 J.
1475 5185 1506 5194 -
1525 5162 1552 5222 c)
1567 5156 1617 5221 ,(Σ.Ι
1631 5155 1701 5224 Kap.
1714 5155 1738 5225 J.
1753 5185 1785 5195 -

342 5244 373 5314 d)
386 5253 542 5307 ,statutum‘
562 5245 612 5310 ln.,
631 5251 756 5309 ,statuta‘
776 5245 846 5314 Kap.
860 5245 882 5315 J.
902 5273 935 5284 -
956 5245 983 5313 e)
1008 5261 1118 5308 ‚eorum
1143 5249 1201 5315 qur‘
1221 5247 1270 5308 ln..
1299 5247 1358 5315 ‚qui
1377 5250 1485 5300 eorum‘
1507 5247 1578 5316 Kap.
1590 5245 1612 5314 J.
