3968 5848
1003 411 1053 458 1⁴2

996 624 1067 685 180.

306 763 431 848 Biskrrp
461 764 491 826 T
487 765 578 828 obicit
598 766 685 829 a'a'dci
709 775 804 847 opata
828 788 849 827 a
872 766 1009 830 konvent
1039 765 1308 848 nesinenovandlw
1332 763 1484 840 klditerm
1507 765 1568 847 aby
1590 765 1757 829 svltske'lro

730 873 828 936 landae
851 873 1008 937 De'tr'r'clra
1027 871 1147 955 pr'ijali
1168 871 1210 933 do
1232 871 1326 935 redu,

1332 1011 1441 1096 (1279
1456 1049 1489 1058 -
1511 1013 1643 1080 rama).

397 1155 587 1237 Episcopus
612 1169 707 1240 rogat
731 1158 887 1220 abbatem
913 1169 946 1220 et
971 1165 1173 1220 conventum
1197 1158 1278 1232 eius,
1303 1166 1339 1220 ut
1363 1160 1595 1237 presbyterum
1621 1157 1664 1219 ad

631 1285 748 1346 preces
772 1285 851 1328 suas
876 1267 1063 1344 reciperent
1086 1266 1118 1326 in
1144 1265 1296 1326 ordinem
1321 1283 1428 1327 suum.

413 1406 607 1490 Tho(bias)¹²
629 1411 681 1472 dei
714 1411 826 1491 gracia
850 1409 1026 1490 Pragensis
1059 1407 1238 1488 episcopus
1267 1407 1520 1470 honorabilibus
1544 1417 1606 1470 etc.
1642 1407 1755 1470 Theo·

306 1511 440 1578 dricusb
462 1519 646 1596 presbyter,
664 1517 835 1578 exhibitor
856 1517 1073 1594 presencium,
1091 1515 1133 1576 ad
1156 1515 1300 1577 melioris
1320 1515 1385 1576 vite
1409 1513 1536 1596 frugem
1558 1515 1756 1578 desiderans

222 1659 224 1664 -
306 1623 486 1688 convolare
507 1626 551 1687 ad
566 1634 679 1686 eterne
701 1626 766 1686 vite
791 1623 954 1703 premium
979 1622 1208 1698 obtinendum,
1229 1622 1261 1685 in
1285 1631 1396 1684 vestro
1420 1623 1514 1702 cupit
1538 1623 1755 1697 monasterio,

304 1731 464 1810 quamdiu
500 1733 627 1806 vixerit,
658 1733 721 1793 sub
760 1731 921 1812 regularis
960 1730 1182 1792 observancia
1222 1729 1394 1808 discipline
1430 1732 1651 1810 omnipotenti
1686 1731 1755 1792 deo

305 1840 423 1922 iugiter
455 1838 615 1902 famulari.
662 1838 776 1919 Quare
808 1839 992 1902 honestatis
1018 1851 1126 1898 vestre
1151 1838 1369 1899 clemenciam
1402 1855 1478 1910 cum
1510 1837 1606 1915 plena
1631 1837 1755 1899 fiducia

306 1947 491 2009 affectuose
524 1947 720 2028 requirimus
752 1956 785 2008 et
820 1964 986 2028 rogamus,
1010 1955 1175 2025 quatenus
1208 1945 1440 2024 presbyterum
1473 1944 1592 2024 ipsum,
1623 1945 1680 2025 qui
1711 1945 1755 2007 de

306 2052 483 2115 honestate
518 2073 649 2116 morum
681 2065 713 2116 et
746 2053 915 2115 literarum
950 2053 1095 2115 sciencia
1132 2051 1421 2113 commendandus
1457 2053 1608 2127 habetur,
1643 2051 1755 2114 divine

306 2162 591 2224 remuneracionis
608 2171 642 2224 et
658 2172 846 2223 nostrarum
872 2179 1010 2241 precum
1033 2160 1154 2222 intuitu
1174 2161 1206 2220 in
1228 2168 1373 2221 vestrum
1399 2161 1548 2236 recipere
1572 2159 1755 2240 dignemini

308 2267 509 2330 monachum
540 2279 574 2331 et
604 2267 815 2344 confratrem,
840 2269 992 2343 scientes,
1024 2269 1115 2348 quod
1149 2267 1211 2328 hec
1244 2287 1261 2327 a
1296 2267 1388 2328 vobis
1422 2267 1571 2344 recipere
1602 2267 1755 2328 volumus

307 2395 367 2454 pro
401 2393 537 2437 munere
563 2375 658 2437 valde
689 2385 795 2458 grato,
819 2381 900 2456 pere
923 2374 1015 2456 quod
1040 2375 1132 2436 vobis
1164 2393 1231 2435 non
1264 2373 1429 2435 immerito
1461 2373 1600 2456 obligati
1632 2374 1755 2436 erimus

307 2480 350 2543 ad
375 2482 544 2564 condigne
568 2482 803 2546 vicissitudinis
828 2485 1047 2562 repensivam.
1073 2481 1197 2544 Datum
1221 2491 1283 2543 etc.

415 2637 474 2690 Fol.
493 2641 526 2692 28
547 2637 570 2691 ὅ.
585 2641 645 2700 180,
665 2638 710 2692 tei
730 2655 748 2691 v
768 2637 908 2704 rukopise
929 2639 1056 2708 kapituly
1070 2639 1196 2692 Praiske
1209 2639 1223 2707 J
1237 2636 1284 2691 ⁴0³
1303 2638 1349 2692 sol.
1370 2643 1429 2691 263.
1450 2637 1476 2692 0
1495 2637 1751 2705 chronologickem

306 2727 437 2782 omezenl
457 2728 557 2780 rokem
579 2727 885 2782 1290srov.rtvod11
906 2733 929 2780 3.

996 3019 1068 3078 181.

310 3157 399 3222 Κνάί
429 3159 562 3240 Rudols
589 3159 780 3240 doporuluje
814 3160 951 3239 rytz‘rlztm
986 3157 1193 3240 Nemecky‘m,
1236 3157 1440 3240 Templa‘him
1474 3179 1496 3220 a
1532 3156 1755 3229 Jolzannirrtm

642 3265 672 3327 T
667 3265 774 3328 obidie
796 3287 816 3327 z
840 3267 1010 3338 Benelova,
1036 3266 1135 3346 rytr'r'e
1159 3265 1250 3328 kra'le
1273 3265 1423 3328 Va'clava.

1341 3425 1499 3506 (1288-
1521 3422 1645 3506 rami)

368 3571 596 3634 Romanorum
617 3590 677 3632 rex
698 3570 1004 3632 recommendando
1025 3570 1163 3630 militem
1189 3579 1284 3652 rogat
1305 3570 1501 3651 magistrum
1521 3567 1695 3646 hospitalis

498 3677 619 3740 domus
643 3678 845 3744 theutonice.
871 3689 908 3739 ut
931 3678 992 3739 sibi
1019 3678 1128 3738 bonus
1153 3689 1241 3738 esset
1265 3678 1296 3738 in
1321 3679 1389 3738 suis
1414 3676 1563 3759 agendis.

416 3816 641 3902 R(udoiphus)
673 3819 728 3882 dei
759 3823 869 3900 gracia
895 3820 1124 3881 Romanorum
1152 3839 1213 3880 rex
1237 3839 1369 3898 semper
1393 3819 1566 3900 Augustus
1591 3817 1757 3900 religioso,

308 3929 496 3990 honorabili
513 3937 546 3988 et
563 3928 686 3990 devoto
707 3929 777 3988 viro
799 3925 889 3988 fratri
908 3977 914 3988 .
933 3976 939 3988 .
957 3975 964 4002 ,
980 3945 1111 3988 summo
1129 3927 1288 4007 magistro
1310 3927 1484 4007 hospitalis
1509 3935 1625 3988 sancte
1648 3925 1754 3988 Marie

307 4037 428 4098 domus
453 4033 647 4110 Teutonice,
672 4053 748 4096 cum
780 4035 902 4096 affectu
935 4035 1066 4095 sincero
1098 4032 1254 4109 favorem,
1280 4033 1443 4116 religioso,
1469 4032 1657 4095 honorabili
1681 4043 1757 4111 etc,

307 4161 437 4205 summo
463 4136 669 4224 (magistro)d
693 4141 815 4203 domus
840 4141 958 4204 milicie
982 4140 1106 4218 templi,
1131 4159 1207 4202 cum
1224 4139 1345 4202 affectu
1370 4154 1443 4213 etc,
1469 4139 1656 4202 honorabili
1682 4150 1757 4220 etc,

308 4270 439 4312 summo
464 4249 623 4329 magistro
647 4257 682 4310 et
705 4249 837 4311 custodi
869 4267 1054 4326 pauperum
1086 4247 1261 4328 hospitalis
1286 4247 1391 4309 sancti
1419 4247 1575 4310 iohannis
1601 4247 1756 4309 ierosoli-

308 4358 431 4433 mitani,
455 4355 601 4418 savorem
638 4373 713 4418 cum
750 4355 873 4417 affectu
910 4355 1065 4417 benivolo
1099 4364 1132 4416 et
1164 4356 1302 4417 sincero.
1340 4353 1436 4416 Zelus
1474 4354 1595 4416 domus
1628 4353 1756 4416 domini

308 4466 413 4526 nostri
434 4462 546 4525 cordis
566 4462 722 4528 inherens
742 4461 968 4541 penetralibus
992 4463 1206 4524 vehementer
1230 4469 1325 4522 tanto
1349 4460 1533 4522 fervencius
1553 4461 1584 4522 in
1605 4479 1754 4522 amorem

308 4581 342 4633 et
372 4571 628 4650 promocionem
658 4589 828 4632 servorum
861 4571 965 4649 ipsius
998 4569 1126 4650 regales
1157 4569 1312 4631 accendit
1344 4567 1492 4644 affectus,
1517 4577 1645 4648 quanto
1677 4575 1757 4630 eos‘

307 4698 368 4757 pro
401 4677 559 4759 religione
591 4677 782 4740 orthodoxe
818 4676 897 4739 fidei
929 4695 981 4738 res
1014 4677 1269 4738 consideramus
1304 4694 1475 4754 exponere
1510 4673 1687 4736 ardencius
1722 4684 1757 4736 et

308 4780 492 4862 personas.s
540 4784 584 4847 Et
614 4804 693 4846 ecce
727 4779 925 4866 Tholbias)³
955 4785 997 4846 de
1024 4778 1209 4861 lienesovv,h
1240 4783 1288 4845 vir
1318 4795 1481 4858 strenuus,
1515 4781 1611 4842 miles
1641 4780 1756 4862 generi

308 4895 412 4956 nostri
435 4893 608 4967 karissimi,
630 4892 754 4954 domini
773 4887 991 4972 Wienceslai)
1012 4890 1111 4952 incliti
1132 4891 1217 4972 regis
1235 4888 1380 4964 Boemie,
1402 4888 1559 4951 laudabili
1584 4896 1618 4949 et
1630 4887 1757 4950 salubri

416 5088 443 5146 a)
463 5083 521 5151 ,Jo.¹
541 5084 612 5152 Kap.
623 5085 646 5153 J.
667 5114 700 5122 -
719 5085 749 5145 bl
769 5083 890 5146 ,Petrus‘
909 5082 981 5150 Kap.
994 5080 1015 5150 J.
1035 5111 1068 5119 -
1088 5080 1115 5148 c)
1136 5085 1205 5149 ,pro¹
1218 5079 1266 5140 In..
1286 5084 1354 5146 ,per‘
1374 5079 1446 5145 Kap.
1458 5079 1480 5147 J.
1501 5107 1535 5117 -
1555 5078 1585 5144 d)
1601 5078 1759 5146 Doplneno

309 5175 356 5226 dle
385 5175 457 5242 Kap.
469 5173 491 5242 J.
520 5203 554 5212 —
581 5173 608 5243 e)
634 5177 702 5237 ,eas‘
720 5172 768 5234 ln,
798 5173 868 5238 ,eos‘
897 5171 971 5239 Kap.
984 5171 1007 5239 J.
1036 5198 1068 5208 -
1096 5169 1116 5236 s)
1142 5169 1292 5238 ,personis‘
1317 5169 1365 5229 ln..
1394 5173 1552 5236 ,personas‘
1577 5167 1650 5236 Kap.
1669 5167 1693 5237 J.
1723 5198 1754 5208 -

309 5263 336 5332 g)
363 5263 405 5326 ,H.
433 5263 470 5315 de
490 5263 527 5318 ..‘
546 5263 618 5331 Kap.
632 5263 654 5332 J.
674 5290 707 5300 —-
731 5259 760 5328 h)
780 5259 935 5322 ,Benesew‘
961 5259 1001 5312 ln.
