3968 5848
1037 410 1183 468 rs,

331 622 504 686 absolvens
539 625 571 685 in
602 623 709 685 forma
739 624 881 687 ecclesie
912 626 956 686 ab
987 623 1316 700 excomunicacione,
1352 643 1451 705 quam
1484 627 1668 687 incurrerat
1699 625 1773 704 ipso

331 729 429 805 lacto,
462 730 577 793 tradas
610 750 650 792 ac
682 732 769 793 tradi
801 735 975 810 permittas
999 731 1224 794 ecclesiastice
1248 731 1427 810 sepulture,
1463 735 1578 794 nostra
1601 731 1702 811 priori
1727 735 1774 793 in-

332 837 498 898 hibicione
521 857 589 900 non
613 839 768 899 obstante
793 837 842 900 vel
867 839 1069 918 quiescente.
1094 837 1221 900 Datum
1242 847 1305 902 etc.

438 1029 497 1083 Fol.
519 1031 560 1082 13¹
580 1029 604 1082 ὃ.
625 1033 668 1090 92,
696 1030 741 1082 tei
761 1047 779 1081 v
798 1031 935 1098 rukopise
954 1029 1084 1098 kapituly
1104 1029 1258 1097 PraiskeJ
1278 1028 1325 1082 40·
1343 1030 1394 1086 iol.
1413 1035 1472 1083 255.
1506 1030 1589 1084 Srov.
1610 1031 1773 1097 poznamku

332 1134 350 1170 u
369 1118 419 1170 dis.
439 1124 480 1170 91.

1028 1445 1080 1507 93.

332 1604 454 1684 Biskup
490 1602 604 1666 Tobiae
635 1605 784 1686 nariauje
813 1603 976 1666 dlkanovi
1004 1605 1052 1680 P,
1087 1605 1148 1685 aby
1171 1603 1340 1684 prokla'sil
1368 1604 1525 1667 interdikt
1553 1606 1623 1668 nad
1652 1605 1775 1686 kostely

331 1711 597 1792 nejmenovanllzo
626 1710 814 1792 pastoritele
851 1711 1033 1774 cirkevm'ch
1064 1710 1175 1774 statkzi
1208 1732 1228 1773 a
1265 1711 1277 1774 i
1311 1733 1331 1773 v
1352 1713 1470 1792 jiny‘clr
1502 1712 1654 1776 kostelz‘clz
1680 1715 1773 1795 jem

631 1840 651 1878 a
675 1817 772 1879 lr'dem
786 1819 865 1899 Jelro
887 1819 1028 1881 aanzeaz'l
1045 1822 1175 1901 piislup
1198 1817 1219 1880 k
1242 1817 1474 1881 bohosluiba'm.

1403 1994 1666 2079 (1279-1290).

401 2159 589 2240 Episcopus
614 2160 750 2220 mandat
774 2158 914 2232 decano,
945 2167 981 2220 ut
1004 2159 1152 2220 nobilem
1174 2158 1291 2220 talem³
1315 2180 1335 2220 a
1359 2159 1471 2221 divino
1496 2156 1605 2220 ollicio
1631 2177 1721 2242 cum·

499 2266 688 2328 hominibus
714 2268 782 2327 suis
805 2276 998 2341 removeret,
1023 2266 1077 2346 qui
1104 2268 1192 2328 bona
1216 2267 1420 2347 episcopalia
1444 2266 1606 2346 spoliavit.

438 2455 633 2544 Th(obias)b
657 2461 712 2522 dei
742 2463 853 2542 gracia
884 2471 945 2522 etc.
970 2458 1092 2521 dilecto
1116 2463 1147 2521 in
1173 2458 1306 2523 Christo
1330 2460 1398 2523 filio
1423 2461 1472 2523 Pr
1495 2461 1625 2524 decano
1649 2472 1682 2523 et
1706 2462 1773 2544 ple-

332 2573 420 2631 bano
443 2571 499 2632 in.
519 2619 525 2630 .
550 2568 692 2631 salutem
715 2578 777 2630 etc.
803 2565 887 2630 Cum
910 2567 986 2629 talis
1011 2567 1052 2628 de
1077 2561 1150 2628 tali‘1
1175 2567 1250 2630 loco
1276 2571 1308 2630 in
1333 2568 1430 2630 bonis
1453 2572 1577 2631 nostris
1601 2571 1773 2648 episcopa-

331 2677 415 2738 libus
446 2696 505 2754 per
532 2696 569 2738 se
600 2684 633 2736 et
664 2695 744 2738 suos
776 2674 1011 2754 multiplicibus
1036 2683 1069 2736 et
1092 2675 1231 2737 diversis
1256 2675 1481 2738 invasionibus
1505 2693 1587 2737 ausu
1612 2675 1774 2758 sacrilego

331 2785 428 2845 nobis
458 2794 492 2845 et
521 2783 641 2846 nostris
677 2783 780 2844 multa
813 2781 900 2844 mala
931 2783 1125 2863 irrogaverit
1156 2791 1189 2844 et
1221 2801 1282 2860 pro
1315 2785 1441 2845 eisdem
1467 2782 1591 2845 nullam
1615 2803 1773 2864 umquam

331 2891 428 2953 nobis
451 2891 719 2952 satisfaccionem
744 2890 940 2968 impendere
964 2890 1135 2966 curaverit,
1171 2889 1249 2953 licet
1271 2909 1371 2969 super
1395 2891 1459 2952 hoc
1483 2910 1543 2968 per
1567 2909 1629 2954 nos
1653 2891 1775 2968 pluries

330 2999 371 3059 sit
403 2991 572 3080 [monlitus
603 3016 641 3058 ac
673 2999 774 3058 etiam
811 2997 996 3077 requisitus,
1031 3016 1093 3060 nos
1123 2998 1347 3061 temeritatem
1379 3008 1505 3060 tantam
1538 3017 1578 3059 ac
1610 2999 1772 3060 offensam

331 3107 478 3170 nostram
515 3123 581 3166 non
617 3103 786 3166 modicam
819 3114 852 3166 et
883 3113 1073 3166 nostrorum
1111 3105 1317 3167 dissimulare
1349 3106 1479 3167 diucius
1514 3123 1582 3168 non
1617 3105 1774 3178 valentes,

331 3210 527 3273 discrecioni
550 3220 606 3272 tue
631 3211 829 3273 mandamus
854 3212 886 3273 in
909 3213 1028 3273 virtute
1053 3213 1249 3274 obediencie
1273 3212 1410 3275 firmiter
1436 3223 1469 3274 et
1493 3231 1662 3291 expresse,
1694 3231 1773 3292 qua·

332 3330 428 3380 tenus
452 3319 603 3380 eiusdem
627 3318 715 3380 talise
733 3363 763 3380 ..
790 3319 821 3379 in
846 3318 903 3380 tali
927 3319 1003 3380 loco
1027 3328 1061 3381 et
1082 3321 1114 3381 in
1130 3319 1188 3382 tali
1205 3320 1363 3381 ecclesias
1380 3321 1532 3382 subicere
1549 3320 1774 3382 ecclesiastico

332 3445 398 3487 non
423 3425 555 3488 differas
572 3426 758 3499 interdicto,
783 3445 849 3487 non
868 3427 1060 3503 permittens
1077 3426 1202 3488 ibidem
1218 3427 1327 3489 divina
1343 3425 1453 3489 officia
1471 3427 1584 3508 peragi
1601 3427 1644 3487 ab
1661 3424 1773 3506 aliquo

331 3534 516 3608 sacerdote,
551 3535 722 3594 universos
756 3543 789 3594 et
821 3533 967 3614 singulos
1000 3533 1152 3596 homines
1183 3537 1287 3612 ipsius
1319 3553 1394 3596 cum
1427 3553 1544 3596 eorum
1574 3533 1707 3596 familiis
1741 3535 1773 3594 in

332 3641 485 3704 omnibus
516 3639 701 3702 decanatus
731 3643 779 3701 tui
811 3639 958 3702 ecclesiis
983 3661 1002 3701 a
1027 3640 1137 3702 divino
1162 3640 1270 3704 officio
1295 3653 1328 3703 et
1352 3641 1523 3720 sepultura
1548 3640 1774 3704 ecclesiastica

330 3748 475 3810 totaliter
506 3747 720 3822 removendo,
755 3757 898 3829 excepta
930 3749 1109 3810 dumtaxat
1140 3747 1252 3809 ultima
1284 3751 1472 3827 penitencia
1505 3749 1715 3810 morientium
1740 3757 1773 3807 et

331 3853 530 3932 baptismate
554 3857 766 3936 parvulorum
789 3857 927 3930 tamdiu,
951 3857 1060 3918 donec
1085 3876 1104 3916 a
1128 3856 1225 3918 nobis
1249 3855 1339 3917 aliud
1365 3858 1531 3934 receperis
1548 3859 1580 3916 in
1597 3855 1774 3927 mandatis,

330 3962 482 4043 alioquin.
507 3963 534 4023 si
558 3963 723 4026 mandatis
748 3967 870 4025 nostris
887 3982 953 4024 non
970 3967 1121 4042 parueris
1138 3967 1171 4026 in
1188 3963 1250 4024 hac
1270 3971 1364 4040 parte
1382 3962 1532 4039 fideliter,
1555 3965 1641 4024 sicut
1657 3961 1774 4036 debes,

331 4080 454 4132 extunc
486 4073 691 4132 sentenciam
725 4073 1056 4134 excomunicacionis
1087 4080 1120 4133 te
1144 4070 1277 4132 noveris
1301 4071 1518 4131 incursurum.
1559 4067 1683 4130 Datum
1709 4080 1770 4130 etc.

439 4278 1312 4350 Fol.13⁸e.astetvrukopisekapitulypralske1⁴0⁵
1341 4280 1387 4332 fol.
1414 4285 1474 4332 252.
1501 4278 1582 4330 Srov.
1610 4279 1773 4346 poznamku

332 4385 350 4420 u
369 4368 418 4421 dis
438 4374 480 4422 91.

436 5083 464 5144 a)
484 5080 620 5143 ,eundern
639 5081 734 5132 talem‘
754 5079 802 5140 In..
823 5080 935 5132 nobiles
954 5083 999 5132 ta.⁸
1020 5079 1091 5146 Kap.
1104 5077 1126 5146 J.
1148 5106 1180 5117 -
1201 5078 1230 5144 b)
1250 5077 1299 5146 ,Jo'
1319 5077 1392 5144 Kap.
1404 5077 1427 5145 J.
1447 5107 1480 5114 -
1500 5085 1528 5132 cl
1549 5075 1590 5138 ,N‘
1611 5075 1684 5142 Kap.
1695 5075 1719 5144 J.
1738 5103 1771 5112 -

331 5169 360 5236 d)
381 5168 462 5232 ,Cum
483 5169 511 5223 P.
530 5170 559 5222 in
580 5169 688 5222 nostris
706 5169 798 5221 bonis¹
820 5167 891 5234 Kap.
905 5169 927 5237 J.
949 5197 980 5208 —
1001 5174 1029 5232 e)
1050 5168 1183 5231 ,eundem
1202 5168 1298 5220 talem*
1319 5165 1367 5223 ln..
1388 5165 1527 5227 ,eiusdem
1547 5163 1577 5218 P.
1597 5165 1635 5217 de
1649 5203 1676 5218 ..
1697 5163 1773 5216 etin

330 5259 378 5311 tali
398 5258 463 5312 loco
482 5259 632 5312 ecclesias‘
653 5257 726 5324 Kap.
736 5257 759 5325 J.
