3988 5844
900 428 951 477 155

889 642 960 704 196.

205 761 326 843 Baskup
356 761 472 826 Tobr'di
495 763 646 845 naiiauje
668 764 884 847 arcisb'hmim,
908 767 968 848 uby
998 767 1146 848 vys'etr'ili
1157 767 1273 850 sake'si
1294 780 1386 832 misto
1409 791 1430 832 rr
1446 771 1564 855 Praly,
1587 771 1649 835 kde

200 873 260 948 pry‘
289 889 323 931 se
353 871 424 952 dljr‘
450 869 604 954 adzraky‚
628 872 689 953 aby
718 872 874 935 zakdaali
904 873 1001 937 Iidem
1031 883 1099 937 tam
1125 884 1270 958 putovat,
1292 877 1377 958 je-li
1405 887 1437 941 to
1458 880 1521 960 jen
1550 878 1646 954 klam,

471 998 492 1038 a
516 977 577 1059 aby
600 978 817 1060 nedopoul'tlli
837 979 1032 1060 polkoaovat
1046 985 1134 1062 prdv
1156 981 1380 1066 biskupsky‘ch.

1215 1120 1322 1207 (1279
1341 1160 1384 1170 -
1410 1127 1542 1206 zanoa).

361 1244 552 1326 Episcopus
576 1248 714 1310 mandat
738 1249 1002 1329 archidyaconis,
1026 1260 1063 1314 ut
1086 1250 1287 1314 accedentes
1310 1251 1354 1314 ad
1379 1251 1490 1316 locum

348 1354 508 1432 viderent,
533 1363 643 1417 utrum
676 1355 721 1418 ibi
752 1357 966 1436 sepulchrum
991 1361 1035 1421 sit
1058 1355 1198 1420 alicuius
1230 1360 1344 1436 sancti,
1370 1367 1428 1422 aut
1452 1371 1503 1421 est

651 1463 824 1543 decepcio,
849 1483 950 1545 quarn
975 1463 1195 1527 destruerent.

305 1581 487 1668 Th(0bias)
521 1585 573 1647 dei
605 1591 718 1670 gracia
751 1599 815 1650 etc.
839 1589 1092 1654 honorabilibus
1123 1591 1200 1652 viris
1232 1599 1293 1652 etc.
1325 1589 1361 1652 ln
1392 1590 1540 1671 quodam
1573 1593 1648 1654 loco

202 1695 315 1755 inter.
346 1743 351 1754 .
377 1705 439 1756 et.
471 1743 476 1754 .
502 1693 603 1770 villas,
637 1715 706 1758 non
737 1696 835 1780 longe
868 1697 910 1758 ab
942 1697 1049 1782 Praga
1080 1696 1216 1760 flumine
1241 1692 1288 1780 (l),
1312 1716 1364 1777 e0,
1396 1698 1487 1778 quod
1523 1698 1647 1760 ibidem

200 1813 286 1863 terra
318 1801 440 1864 dicitur
470 1811 658 1863 tumescere
687 1811 722 1865 et
753 1804 817 1866 alia
850 1805 944 1886 signa
976 1824 1141 1884 apparere
1173 1805 1402 1882 dinoscuntur,
1426 1824 1490 1885 que
1522 1806 1645 1867 ibidem

201 1907 336 1970 alicuius
360 1912 467 1970 sancti
499 1930 575 1972 ossa
606 1915 674 1974 sive
705 1911 864 1991 reliquias
895 1913 1043 1974 iudicare
1068 1911 1231 1984 videntur,
1255 1909 1394 1974 confluit
1423 1930 1490 1973 non
1515 1912 1646 1974 modica

201 2015 314 2095 populi
347 2015 536 2092 multitud0,
562 2027 596 2080 et
619 2020 696 2100 quia
727 2037 944 2100 nonnunqam
976 2021 1009 2080 in
1042 2019 1107 2082 hoc
1138 2038 1219 2081 casu
1251 2029 1285 2082 et
1307 2019 1470 2081 similibus
1502 2021 1648 2098 populus

201 2123 424 2204 multipliciter
440 2135 491 2189 est
508 2127 670 2206 deceptus
690 2147 749 2210 per
770 2126 962 2190 illusionum
982 2126 1118 2190 insidias
1138 2129 1268 2188 varias·
1290 2138 1323 2188 et
1342 2127 1491 2188 diversas
1510 2127 1647 2190 humani

198 2235 328 2313 generis
344 2233 473 2310 inimici,
486 2245 667 2315 eapropter
684 2233 899 2314 providencie
916 2242 1024 2296 vestre
1040 2233 1238 2296 mandamus
1255 2233 1287 2295 in
1303 2237 1423 2296 virtute
1441 2231 1648 2312 obediencie,

198 2349 363 2418 quatenus
394 2343 573 2421 assumptis
605 2342 778 2404 vobiscum
811 2341 960 2404 honestis
995 2341 1070 2404 viris
1104 2341 1243 2403 domino
1280 2341 1453 2422 preposito
1489 2341 1587 2402 de..
1614 2352 1647 2404 et

199 2449 358 2528 magistro
383 2494 430 2523 ..,
455 2449 511 2528 qui
535 2449 578 2510 de
602 2450 764 2512 mandato
788 2457 905 2512 nostro
931 2467 989 2510 vos
1013 2449 1181 2510 associare
1212 2448 1344 2523 debent,
1370 2449 1413 2509 ad
1437 2449 1548 2510 locum
1574 2467 1645 2524 pre·

200 2549 349 2616 dictumb
371 2556 526 2634 proxima
551 2555 604 2617 die
628 2554 798 2618 dominica
823 2565 900 2636 post
923 2552 1044 2618 festum
1068 2556 1158 2616 beati
1175 2554 1283 2636 Egidii
1309 2553 1527 2634 personaliter
1551 2574 1646 2616 acce·

200 2659 323 2736 dentes,
349 2671 460 2724 utrum
485 2681 534 2738 ea,
550 2681 616 2742 que
641 2663 767 2724 ibidem
791 2671 960 2745 geruntur,
978 2683 1022 2724 ex
1042 2663 1109 2726 deo
1135 2663 1321 2742 procedant
1344 2671 1402 2724 aut
1425 2681 1469 2724 ex
1494 2662 1647 2725 illusione

199 2769 388 2846 dyabolica,
419 2788 486 2850 que
518 2773 677 2832 continue
709 2779 851 2832 conatur
881 2769 1036 2850 decipere
1073 2770 1201 2832 animas
1236 2769 1443 2844 christianas,
1475 2770 1647 2848 inquiratis

198 2875 292 2938 lactis
316 2885 351 2937 et
374 2877 482 2939 verbis
507 2877 704 2958 diligencius
728 2877 910 2940 veritatem.
938 2877 981 2939 Et
1005 2881 1032 2940 si
1057 2877 1132 2954 hoc,
1156 2877 1248 2958 quod
1274 2877 1399 2939 ibidem
1423 2875 1491 2938 fieri
1516 2879 1646 2952 dicitur,

197 3003 239 3044 ex
264 2984 384 3045 virtute
408 2984 572 3063 procedat
598 2984 715 3058 divina,
740 2986 838 3047 nobis
864 2985 905 3062 id,
930 2985 1131 3064 quantocius
1155 2985 1315 3064 poteritis,
1347 2985 1515 3061 intimetis,
1539 2994 1575 3046 ut
1603 2984 1646 3046 de

198 3090 261 3152 hoc
285 3088 397 3152 olficio
421 3101 539 3153 nostro
565 3093 657 3172 quod
684 3095 886 3154 conveniens
910 3089 1008 3153 suerit
1031 3091 1200 3153 iaciamus.
1231 3091 1377 3171 alioquin
1402 3091 1512 3153 locum
1537 3093 1646 3170 ipsum

198 3217 255 3277 per
277 3217 339 3258 vos
363 3207 397 3259 et
414 3197 505 3273 alios,
526 3193 716 3280 qua(ntu)m
740 3199 900 3276 poteritis,
918 3199 1071 3261 anulletis
1087 3201 1286 3262 auctoritate
1310 3209 1435 3274 nostra,
1457 3200 1646 3262 inhibentes

197 3313 265 3367 tam
290 3305 393 3382 laycis
425 3323 524 3385 quarn
565 3305 694 3369 clericis
732 3306 987 3387 quibuscunque
1020 3305 1182 3390 religiosis
1223 3317 1257 3369 et
1292 3307 1391 3368 etiam
1432 3303 1647 3384 secularibus,

198 3423 232 3474 ut
255 3414 297 3475 ad
324 3413 436 3475 locum
460 3413 604 3475 eundem
629 3433 690 3492 pro
714 3415 935 3476 veneracione
967 3413 1107 3476 alicuius
1138 3417 1245 3476 sancti
1276 3416 1347 3475 sine
1371 3423 1485 3475 nostra
1511 3413 1647 3491 speciali

199 3519 337 3583 licencia
362 3520 404 3582 de
429 3530 542 3583 cetero
566 3521 728 3583 accedere
753 3541 820 3583 non
846 3532 1049 3600 presumant.
1097 3520 1170 3584 Nos
1203 3521 1290 3582 enim
1323 3529 1440 3582 contra
1473 3539 1589 3582 omnes
1613 3531 1646 3582 et

197 3627 355 3710 singulos,
379 3631 436 3708 qui
454 3637 569 3690 contra
588 3628 825 3691 inhibicionem
850 3639 994 3690 vestram
1017 3629 1222 3706 iamdictam,
1248 3647 1327 3705 yrno
1352 3635 1502 3689 nostram
1527 3629 1645 3706 pocius

198 3735 306 3796 locum
343 3738 452 3813 ipsum
488 3739 776 3815 presumpserintc
810 3737 947 3813 visitare,
981 3737 1312 3798 excomunicacionis
1347 3734 1380 3796 in
1416 3734 1477 3796 hiis
1512 3737 1646 3811 scriptis

197 3842 400 3905 sentenciam
440 3841 648 3921 prolerimus,
688 3863 788 3924 quam
828 3863 887 3922 per
925 3863 985 3906 vos
1024 3843 1251 3924 principaliter
1294 3840 1447 3902 volumus
1485 3839 1645 3920 publicari

197 3951 325 4012 iusticia
345 3949 510 4032 exigente.
535 3949 736 4012 Mandamus
759 3951 904 4028 insuper,
924 3950 1016 4032 quod
1041 3951 1097 4028 eis,
1117 3951 1173 4030 qui
1194 3941 1426 4012 offertoriumd
1450 3949 1482 4008 in
1503 3948 1645 4010 denariis

196 4066 227 4118 et
259 4056 330 4118 aliis
362 4058 470 4130 rebus,
495 4058 588 4138 quod
620 4058 746 4120 ibidem
778 4057 849 4120 fieri
881 4057 1009 4136 dicitur,
1034 4066 1229 4138 presumunt
1261 4060 1410 4136 recipere
1439 4057 1470 4116 in
1495 4065 1644 4117 nostrum

197 4163 414 4244 preiudicium
451 4175 484 4226 et
519 4171 774 4242 contemptum,e
814 4166 993 4246 iniungatis
1032 4165 1169 4226 firmiter
1207 4165 1309 4226 verbo
1349 4173 1474 4236 nostro,
1510 4172 1546 4224 ut
1581 4165 1645 4242 ipsi

197 4265 427 4334 offertoriumd
452 4270 533 4334 illud
556 4279 664 4333 totum
689 4291 734 4333 ex
758 4275 887 4352 integro
911 4273 943 4334 in
968 4272 1122 4348 denariis,
1147 4291 1231 4347 cera,
1263 4274 1368 4333 caseis
1392 4281 1425 4332 et
1450 4272 1549 4333 rebus
1573 4271 1644 4332 aliis

196 4379 450 4460 quibuscunque
486 4381 555 4440 viro
592 4379 734 4457 provido
770 4381 927 4460 magistro
967 4379 1028 4441 lar.
1066 4379 1218 4459 predicto
1255 4387 1370 4440 nostro
1406 4378 1541 4440 nomine
1576 4397 1644 4440 non

196 4483 350 4546 differant
385 4487 562 4566 assignare.
611 4484 712 4565 Quod
748 4489 775 4548 si
810 4505 878 4548 non
910 4483 1048 4548 iecerint
1083 4485 1166 4548 inira
1206 4485 1285 4548 Vlll
1321 4485 1450 4546 dierum
1486 4486 1644 4564 spacium,

196 4601 321 4654 extunc
345 4591 407 4673 ipsi
431 4595 531 4654 etiarn
557 4595 889 4658 excomunicacionis
913 4593 1138 4673 percellantur
1161 4595 1332 4654 sentencia
1349 4601 1381 4654 et
1401 4593 1645 4654 denuncientur

194 4700 421 4780 sollempniter
445 4701 642 4763 nominatim
659 4709 692 4762 et
709 4700 843 4781 publice
867 4701 976 4764 eidem
1001 4701 1331 4764 excomunicacionis
1355 4719 1461 4780 usque
1485 4699 1527 4761 ad
1549 4702 1643 4762 satis·

194 4805 378 4870 faccionem
403 4807 606 4890 condignam
630 4811 801 4870 sentencie
826 4808 1008 4870 subiacere.
1034 4807 1159 4870 Datum
1185 4817 1248 4870 etc,

301 4945 360 4999 Fol.
381 4951 414 4998 31
436 4947 459 5002 ὅ.
481 4950 540 5000 196.
560 4945 586 5000 O
606 4945 860 5016 chronologickem
880 4945 1013 4999 omezenl
1032 4945 1132 5000 rokem
1153 4950 1223 5000 1290
1242 4959 1319 4998 srov.
1340 4945 1419 4998 uvod
1438 4944 1462 4997 ll
1482 4950 1506 4998 3,

229 5049 408 5056 ————..

301 5091 330 5156 a)
351 5091 462 5152 ,verias‘
482 5087 523 5141 ln.
545 5117 575 5126 —
603 5090 632 5154 b)
654 5088 769 5156 ,quide
789 5089 926 5142 mandato
947 5117 978 5126 -
1001 5089 1172 5156 predictum
1201 5089 1347 5157 doplnEno
1366 5105 1385 5141 v
1404 5089 1443 5142 ln.
1464 5089 1642 5158 drobndjiim

195 5179 316 5246 plsmem
336 5177 446 5232 nahoie
462 5193 498 5231 na
517 5179 617 5248 okraji.
640 5207 672 5215 -
696 5187 723 5244 c)
744 5179 971 5246 ‚presumpserit‘
991 5178 1030 5232 ln.
1062 5207 1093 5216 -
1126 5179 1157 5246 d)
1178 5178 1321 5243 ,officium
1343 5179 1381 5231 ln.
1404 5206 1436 5218 -
1460 5180 1488 5246 e)
1511 5193 1642 5245 ,concep-

194 5273 263 5322 tum‘
282 5267 322 5320 ln.
