<?xml version="1.0" encoding="UTF-8"?>
<!DOCTYPE html PUBLIC "-//W3C//DTD XHTML 1.0 Transitional//EN"
    "http://www.w3.org/TR/xhtml1/DTD/xhtml1-transitional.dtd">
<html xmlns="http://www.w3.org/1999/xhtml" xml:lang="en" lang="en">
 <head>
  <title>
</title>
<meta http-equiv="Content-Type" content="text/html;charset=utf-8" />
  <meta name='ocr-system' content='tesseract 3.04.00' />
  <meta name='ocr-capabilities' content='ocr_page ocr_carea ocr_par ocr_line ocrx_word'/>
</head>
<body>
  <div class='ocr_page' id='page_1' title='image "./formulbiskupato00novgoog_0106.png"; bbox 0 0 3968 5848; ppageno 0'>
   <div class='ocr_carea' id='block_1_1' title="bbox 0 0 2 602">
    <p class='ocr_par' dir='ltr' id='par_1_1' title="bbox 0 0 2 602">
     <span class='ocr_line' id='line_1_1' title="bbox 0 0 2 602; baseline 0 0"><span class='ocrx_word' id='word_1_1' title='bbox 0 0 2 602; x_wconf 95' lang='lat' dir='ltr'> </span> 
     </span>
    </p>
   </div>
   <div class='ocr_carea' id='block_1_2' title="bbox 1052 295 1085 341">
    <p class='ocr_par' dir='ltr' id='par_1_2' title="bbox 1052 295 1085 341">
     <span class='ocr_line' id='line_1_2' title="bbox 1052 295 1085 341; baseline 0 0"><span class='ocrx_word' id='word_1_2' title='bbox 1052 295 1085 341; x_wconf 82' lang='lat'>6⁴</span> 
     </span>
    </p>
   </div>
   <div class='ocr_carea' id='block_1_3' title="bbox 346 505 1794 783">
    <p class='ocr_par' dir='ltr' id='par_1_3' title="bbox 346 505 1794 783">
     <span class='ocr_line' id='line_1_3' title="bbox 346 505 1792 589; baseline 0 -22"><span class='ocrx_word' id='word_1_3' title='bbox 346 507 378 567; x_wconf 93' lang='lat' dir='ltr'>in</span> <span class='ocrx_word' id='word_1_4' title='bbox 411 507 565 568; x_wconf 90' lang='lat' dir='ltr'>omnibus</span> <span class='ocrx_word' id='word_1_5' title='bbox 597 507 821 568; x_wconf 84' lang='lat' dir='ltr'>decanatuum</span> <span class='ocrx_word' id='word_1_6' title='bbox 852 515 1037 570; x_wconf 91' lang='lat' dir='ltr'>vestrorum</span> <span class='ocrx_word' id='word_1_7' title='bbox 1070 509 1218 570; x_wconf 91' lang='lat' dir='ltr'>ecclesiis</span> <span class='ocrx_word' id='word_1_8' title='bbox 1243 527 1261 568; x_wconf 90' lang='lat' dir='ltr'>a</span> <span class='ocrx_word' id='word_1_9' title='bbox 1287 507 1397 570; x_wconf 91' lang='lat' dir='ltr'>divino</span> <span class='ocrx_word' id='word_1_10' title='bbox 1430 505 1540 570; x_wconf 84' lang='lat' dir='ltr'>officio</span> <span class='ocrx_word' id='word_1_11' title='bbox 1565 517 1599 568; x_wconf 91' lang='lat' dir='ltr'>et</span> <span class='ocrx_word' id='word_1_12' title='bbox 1623 507 1792 589; x_wconf 85' lang='lat' dir='ltr'>sepultura</span> 
     </span>
     <span class='ocr_line' id='line_1_4' title="bbox 346 614 1794 694; baseline 0.001 -20"><span class='ocrx_word' id='word_1_13' title='bbox 346 615 570 676; x_wconf 88' lang='lat' dir='ltr'>ecclesiastica</span> <span class='ocrx_word' id='word_1_14' title='bbox 595 614 800 676; x_wconf 88' lang='lat' dir='ltr'>removendo</span> <span class='ocrx_word' id='word_1_15' title='bbox 823 615 961 688; x_wconf 82' lang='lat' dir='ltr'>tamdiu,</span> <span class='ocrx_word' id='word_1_16' title='bbox 999 616 1107 676; x_wconf 93' lang='lat' dir='ltr'>donec</span> <span class='ocrx_word' id='word_1_17' title='bbox 1132 635 1150 675; x_wconf 93' lang='lat' dir='ltr'>a</span> <span class='ocrx_word' id='word_1_18' title='bbox 1175 615 1271 676; x_wconf 91' lang='lat' dir='ltr'>nobis</span> <span class='ocrx_word' id='word_1_19' title='bbox 1295 615 1383 677; x_wconf 89' lang='lat' dir='ltr'>aliud</span> <span class='ocrx_word' id='word_1_20' title='bbox 1409 615 1618 694; x_wconf 71' lang='lat' dir='ltr'>receperitisl</span> <span class='ocrx_word' id='word_1_21' title='bbox 1643 616 1674 677; x_wconf 91' lang='lat' dir='ltr'>in</span> <span class='ocrx_word' id='word_1_22' title='bbox 1701 633 1794 676; x_wconf 90' lang='lat' dir='ltr'>man-</span> 
     </span>
     <span class='ocr_line' id='line_1_5' title="bbox 347 721 677 783; baseline -0.006 -1"><span class='ocrx_word' id='word_1_23' title='bbox 347 721 441 782; x_wconf 87' lang='lat' dir='ltr'>datis.</span> <span class='ocrx_word' id='word_1_24' title='bbox 467 721 591 783; x_wconf 89' lang='lat' dir='ltr'>Datum</span> <span class='ocrx_word' id='word_1_25' title='bbox 616 733 677 783; x_wconf 92' lang='lat' dir='ltr'>etc.</span> 
     </span>
    </p>
   </div>
   <div class='ocr_carea' id='block_1_4' title="bbox 347 893 1793 1056">
    <p class='ocr_par' dir='ltr' id='par_1_4' title="bbox 347 893 1793 1056">
     <span class='ocr_line' id='line_1_6' title="bbox 455 893 1793 966; baseline -0.001 -18"><span class='ocrx_word' id='word_1_26' title='bbox 455 895 507 949; x_wconf 89' lang='lat' dir='ltr'>Fol</span> <span class='ocrx_word' id='word_1_27' title='bbox 539 903 568 946; x_wconf 91' lang='lat'>11</span> <span class='ocrx_word' id='word_1_28' title='bbox 591 895 614 949; x_wconf 74' lang='grc' dir='ltr'>ὅ.</span> <span class='ocrx_word' id='word_1_29' title='bbox 635 902 675 956; x_wconf 85' lang='grc'>72,</span> <span class='ocrx_word' id='word_1_30' title='bbox 695 897 741 948; x_wconf 77' lang='lat' dir='ltr'>tel.</span> <span class='ocrx_word' id='word_1_31' title='bbox 760 912 778 948; x_wconf 91' lang='lat' dir='ltr'>v</span> <span class='ocrx_word' id='word_1_32' title='bbox 797 897 936 963; x_wconf 88' lang='lat' dir='ltr'>rukopise</span> <span class='ocrx_word' id='word_1_33' title='bbox 956 895 1088 966; x_wconf 84' lang='lat' dir='ltr'>kapituly</span> <span class='ocrx_word' id='word_1_34' title='bbox 1108 895 1231 949; x_wconf 74' lang='lat' dir='ltr'>Praiske</span> <span class='ocrx_word' id='word_1_35' title='bbox 1250 897 1264 965; x_wconf 93' lang='lat' dir='ltr'>J</span> <span class='ocrx_word' id='word_1_36' title='bbox 1285 893 1331 948; x_wconf 75' lang='lat' dir='ltr'>⁴0b</span> <span class='ocrx_word' id='word_1_37' title='bbox 1346 895 1392 948; x_wconf 91' lang='lat' dir='ltr'>sol.</span> <span class='ocrx_word' id='word_1_38' title='bbox 1412 899 1472 949; x_wconf 82' lang='grc'>249.</span> <span class='ocrx_word' id='word_1_39' title='bbox 1493 895 1663 949; x_wconf 76' lang='lat' dir='ltr'>Srovnanim</span> <span class='ocrx_word' id='word_1_40' title='bbox 1684 911 1698 946; x_wconf 92' lang='lat' dir='ltr'>s</span> <span class='ocrx_word' id='word_1_41' title='bbox 1718 899 1793 966; x_wconf 86' lang='lat' dir='ltr'>kusy</span> 
     </span>
     <span class='ocr_line' id='line_1_7' title="bbox 347 985 1619 1056; baseline 0 -20"><span class='ocrx_word' id='word_1_42' title='bbox 347 985 598 1055; x_wconf 77' lang='lat' dir='ltr'>pledchazejicimi</span> <span class='ocrx_word' id='word_1_43' title='bbox 618 1001 634 1038; x_wconf 92' lang='lat' dir='ltr'>a</span> <span class='ocrx_word' id='word_1_44' title='bbox 654 985 864 1056; x_wconf 71' lang='lat' dir='ltr'>ntaledujidmi</span> <span class='ocrx_word' id='word_1_45' title='bbox 886 985 1001 1047; x_wconf 87' lang='lat' dir='ltr'>vidime‚</span> <span class='ocrx_word' id='word_1_46' title='bbox 1022 985 1055 1038; x_wconf 72' lang='lat' dir='ltr'>ie</span> <span class='ocrx_word' id='word_1_47' title='bbox 1073 987 1081 1037; x_wconf 91' lang='lat' dir='ltr'>i</span> <span class='ocrx_word' id='word_1_48' title='bbox 1102 993 1164 1039; x_wconf 91' lang='lat' dir='ltr'>toto</span> <span class='ocrx_word' id='word_1_49' title='bbox 1184 986 1312 1039; x_wconf 81' lang='lat' dir='ltr'>naiizeni</span> <span class='ocrx_word' id='word_1_50' title='bbox 1331 986 1423 1052; x_wconf 81' lang='lat' dir='ltr'>spada</span> <span class='ocrx_word' id='word_1_51' title='bbox 1442 985 1481 1038; x_wconf 89' lang='lat' dir='ltr'>do</span> <span class='ocrx_word' id='word_1_52' title='bbox 1501 1001 1521 1038; x_wconf 92' lang='lat' dir='ltr'>r.</span> <span class='ocrx_word' id='word_1_53' title='bbox 1542 987 1619 1038; x_wconf 89' lang='grc'>1288.</span> 
     </span>
    </p>
   </div>
   <div class='ocr_carea' id='block_1_5' title="bbox 1043 1328 1095 1390">
    <p class='ocr_par' dir='ltr' id='par_1_5' title="bbox 1043 1328 1095 1390">
     <span class='ocr_line' id='line_1_8' title="bbox 1043 1328 1095 1390; baseline 0 0"><span class='ocrx_word' id='word_1_54' title='bbox 1043 1328 1095 1390; x_wconf 88' lang='grc'>73.</span> 
     </span>
    </p>
   </div>
   <div class='ocr_carea' id='block_1_6' title="bbox 347 1485 1794 1678">
    <p class='ocr_par' dir='ltr' id='par_1_6' title="bbox 347 1485 1794 1678">
     <span class='ocr_line' id='line_1_9' title="bbox 347 1485 1794 1572; baseline -0.003 -21"><span class='ocrx_word' id='word_1_55' title='bbox 347 1487 471 1568; x_wconf 68' lang='lat' dir='ltr'>Birkup</span> <span class='ocrx_word' id='word_1_56' title='bbox 503 1488 533 1550; x_wconf 87' lang='lat' dir='ltr'><em>T</em></span> <span class='ocrx_word' id='word_1_57' title='bbox 532 1485 632 1553; x_wconf 71' lang='lat' dir='ltr'>obtat</span> <span class='ocrx_word' id='word_1_58' title='bbox 644 1489 741 1552; x_wconf 70' lang='lat' dir='ltr'>brozi</span> <span class='ocrx_word' id='word_1_59' title='bbox 760 1490 1048 1572; x_wconf 68' lang='lat' dir='ltr'>nejmenovandmu</span> <span class='ocrx_word' id='word_1_60' title='bbox 1066 1489 1272 1572; x_wconf 78' lang='lat' dir='ltr'>arcijdlmovr&#39;</span> <span class='ocrx_word' id='word_1_61' title='bbox 1293 1492 1456 1572; x_wconf 65' lang='lat' dir='ltr'>ver&#39;ejnym</span> <span class='ocrx_word' id='word_1_62' title='bbox 1479 1488 1660 1550; x_wconf 72' lang='lat' dir='ltr'>otlatentm</span> <span class='ocrx_word' id='word_1_63' title='bbox 1683 1485 1794 1566; x_wconf 84' lang='lat' dir='ltr'>klatby</span> 
     </span>
     <span class='ocr_line' id='line_1_10' title="bbox 514 1596 1616 1678; baseline 0 -20"><span class='ocrx_word' id='word_1_64' title='bbox 514 1617 558 1658; x_wconf 82' lang='lat' dir='ltr'>na</span> <span class='ocrx_word' id='word_1_65' title='bbox 581 1597 703 1676; x_wconf 65' lang='lat' dir='ltr'>synod}</span> <span class='ocrx_word' id='word_1_66' title='bbox 722 1619 743 1658; x_wconf 85' lang='lat' dir='ltr'>a</span> <span class='ocrx_word' id='word_1_67' title='bbox 767 1597 970 1660; x_wconf 80' lang='lat' dir='ltr'>interdiktem</span> <span class='ocrx_word' id='word_1_68' title='bbox 989 1610 1052 1678; x_wconf 81' lang='lat' dir='ltr'>pro</span> <span class='ocrx_word' id='word_1_69' title='bbox 1075 1597 1282 1678; x_wconf 75' lang='lat' dir='ltr'>nezaplaceni</span> <span class='ocrx_word' id='word_1_70' title='bbox 1304 1596 1330 1660; x_wconf 77' lang='lat'>5</span> <span class='ocrx_word' id='word_1_71' title='bbox 1348 1597 1463 1660; x_wconf 58' lang='lat' dir='ltr'>hliven</span> <span class='ocrx_word' id='word_1_72' title='bbox 1486 1597 1616 1660; x_wconf 83' lang='lat' dir='ltr'>str&#39;r&#39;bra.</span> 
     </span>
    </p>
   </div>
   <div class='ocr_carea' id='block_1_7' title="bbox 1385 1785 1685 1874">
    <p class='ocr_par' dir='ltr' id='par_1_7' title="bbox 1385 1785 1685 1874">
     <span class='ocr_line' id='line_1_11' title="bbox 1385 1785 1685 1874; baseline -0.003 -20"><span class='ocrx_word' id='word_1_73' title='bbox 1385 1787 1493 1874; x_wconf 78' lang='lat'><em>(1288</em></span> <span class='ocrx_word' id='word_1_74' title='bbox 1514 1785 1685 1871; x_wconf 76' lang='lat' dir='ltr'>prosinec).</span> 
     </span>
    </p>
   </div>
   <div class='ocr_carea' id='block_1_8' title="bbox 347 1951 1796 2142">
    <p class='ocr_par' dir='ltr' id='par_1_8' title="bbox 347 1951 1796 2142">
     <span class='ocr_line' id='line_1_12' title="bbox 347 1951 1796 2033; baseline -0.001 -21"><span class='ocrx_word' id='word_1_75' title='bbox 347 1951 535 2033; x_wconf 84' lang='lat' dir='ltr'><strong>Episcopus</strong></span> <span class='ocrx_word' id='word_1_76' title='bbox 566 1954 680 2015; x_wconf 85' lang='lat' dir='ltr'><strong>scribit</strong></span> <span class='ocrx_word' id='word_1_77' title='bbox 712 1953 966 2032; x_wconf 85' lang='lat' dir='ltr'>archidyacono,</span> <span class='ocrx_word' id='word_1_78' title='bbox 1003 1963 1038 2016; x_wconf 92' lang='lat' dir='ltr'>ut</span> <span class='ocrx_word' id='word_1_79' title='bbox 1070 1956 1245 2033; x_wconf 90' lang='lat' dir='ltr'>pecuniam</span> <span class='ocrx_word' id='word_1_80' title='bbox 1271 1953 1531 2016; x_wconf 90' lang='lat' dir='ltr'>contribucionis</span> <span class='ocrx_word' id='word_1_81' title='bbox 1554 1953 1615 2013; x_wconf 90' lang='lat' dir='ltr'>sibi</span> <span class='ocrx_word' id='word_1_82' title='bbox 1639 1955 1796 2027; x_wconf 86' lang='lat' dir='ltr'>mitteret,</span> 
     </span>
     <span class='ocr_line' id='line_1_13' title="bbox 525 2061 1619 2142; baseline 0 -20"><span class='ocrx_word' id='word_1_83' title='bbox 525 2061 673 2142; x_wconf 89' lang='lat' dir='ltr'>alioquin</span> <span class='ocrx_word' id='word_1_84' title='bbox 697 2063 805 2140; x_wconf 92' lang='lat' dir='ltr'>ipsum</span> <span class='ocrx_word' id='word_1_85' title='bbox 829 2063 860 2122; x_wconf 93' lang='lat' dir='ltr'>in</span> <span class='ocrx_word' id='word_1_86' title='bbox 885 2061 1016 2139; x_wconf 91' lang='lat' dir='ltr'>synodo</span> <span class='ocrx_word' id='word_1_87' title='bbox 1041 2061 1109 2122; x_wconf 90' lang='lat' dir='ltr'>vult</span> <span class='ocrx_word' id='word_1_88' title='bbox 1133 2061 1392 2123; x_wconf 90' lang='lat' dir='ltr'>excomunicare</span> <span class='ocrx_word' id='word_1_89' title='bbox 1416 2061 1619 2122; x_wconf 89' lang='lat' dir='ltr'>nominatim.</span> 
     </span>
    </p>
   </div>
   <div class='ocr_carea' id='block_1_9' title="bbox 346 2233 1794 4018">
    <p class='ocr_par' dir='ltr' id='par_1_9' title="bbox 346 2233 1794 4018">
     <span class='ocr_line' id='line_1_14' title="bbox 453 2233 1793 2322; baseline 0 -22"><span class='ocrx_word' id='word_1_90' title='bbox 453 2233 651 2322; x_wconf 86' lang='lat' dir='ltr'>Th(0bias)b</span> <span class='ocrx_word' id='word_1_91' title='bbox 675 2240 730 2301; x_wconf 90' lang='lat' dir='ltr'>dei</span> <span class='ocrx_word' id='word_1_92' title='bbox 753 2240 864 2321; x_wconf 84' lang='lat' dir='ltr'>gracia</span> <span class='ocrx_word' id='word_1_93' title='bbox 889 2253 950 2300; x_wconf 92' lang='lat' dir='ltr'>etc.</span> <span class='ocrx_word' id='word_1_94' title='bbox 976 2239 1097 2301; x_wconf 90' lang='lat' dir='ltr'>dilecto</span> <span class='ocrx_word' id='word_1_95' title='bbox 1122 2241 1154 2300; x_wconf 95' lang='lat' dir='ltr'>in</span> <span class='ocrx_word' id='word_1_96' title='bbox 1180 2235 1312 2301; x_wconf 87' lang='lat' dir='ltr'>Christo</span> <span class='ocrx_word' id='word_1_97' title='bbox 1337 2238 1403 2300; x_wconf 91' lang='lat' dir='ltr'>filio</span> <span class='ocrx_word' id='word_1_98' title='bbox 1420 2287 1427 2300; x_wconf 87' lang='lat'><strong>.</strong></span> <span class='ocrx_word' id='word_1_99' title='bbox 1446 2245 1467 2300; x_wconf 63' lang='lat' dir='ltr'>f</span> <span class='ocrx_word' id='word_1_100' title='bbox 1491 2238 1793 2315; x_wconf 88' lang='lat' dir='ltr'>archidyacono..</span> 
     </span>
     <span class='ocr_line' id='line_1_15' title="bbox 347 2343 1794 2426; baseline 0 -20"><span class='ocrx_word' id='word_1_101' title='bbox 347 2347 488 2408; x_wconf 81' lang='lat' dir='ltr'>salutern</span> <span class='ocrx_word' id='word_1_102' title='bbox 512 2357 574 2408; x_wconf 91' lang='lat' dir='ltr'>etc.</span> <span class='ocrx_word' id='word_1_103' title='bbox 600 2343 684 2409; x_wconf 91' lang='lat' dir='ltr'>Cum</span> <span class='ocrx_word' id='word_1_104' title='bbox 708 2367 768 2426; x_wconf 93' lang='lat' dir='ltr'>pro</span> <span class='ocrx_word' id='word_1_105' title='bbox 794 2345 846 2408; x_wconf 88' lang='lat' dir='ltr'>illa</span> <span class='ocrx_word' id='word_1_106' title='bbox 872 2349 1013 2425; x_wconf 86' lang='lat' dir='ltr'>pecunie</span> <span class='ocrx_word' id='word_1_107' title='bbox 1038 2365 1177 2424; x_wconf 84' lang='lat' dir='ltr'>summa,</span> <span class='ocrx_word' id='word_1_108' title='bbox 1211 2345 1242 2406; x_wconf 95' lang='lat' dir='ltr'>V</span> <span class='ocrx_word' id='word_1_109' title='bbox 1266 2345 1421 2407; x_wconf 88' lang='lat' dir='ltr'>videlicet</span> <span class='ocrx_word' id='word_1_110' title='bbox 1444 2363 1631 2407; x_wconf 88' lang='lat' dir='ltr'>marcarum</span> <span class='ocrx_word' id='word_1_111' title='bbox 1656 2346 1736 2407; x_wconf 89' lang='lat' dir='ltr'>boni</span> <span class='ocrx_word' id='word_1_112' title='bbox 1761 2355 1794 2406; x_wconf 86' lang='lat' dir='ltr'>et</span> 
     </span>
     <span class='ocr_line' id='line_1_16' title="bbox 348 2452 1793 2535; baseline -0.003 -19"><span class='ocrx_word' id='word_1_113' title='bbox 348 2456 420 2532; x_wconf 91' lang='lat' dir='ltr'>puri</span> <span class='ocrx_word' id='word_1_114' title='bbox 452 2454 587 2535; x_wconf 82' lang='lat' dir='ltr'>argenti,</span> <span class='ocrx_word' id='word_1_115' title='bbox 623 2473 687 2534; x_wconf 92' lang='lat' dir='ltr'>que</span> <span class='ocrx_word' id='word_1_116' title='bbox 720 2473 780 2533; x_wconf 93' lang='lat' dir='ltr'>per</span> <span class='ocrx_word' id='word_1_117' title='bbox 810 2473 870 2515; x_wconf 92' lang='lat' dir='ltr'>vos</span> <span class='ocrx_word' id='word_1_118' title='bbox 894 2457 927 2515; x_wconf 91' lang='lat' dir='ltr'>in</span> <span class='ocrx_word' id='word_1_119' title='bbox 950 2454 1056 2535; x_wconf 84' lang='lat' dir='ltr'>vigilia</span> <span class='ocrx_word' id='word_1_120' title='bbox 1082 2453 1170 2516; x_wconf 89' lang='lat' dir='ltr'>beati</span> <span class='ocrx_word' id='word_1_121' title='bbox 1196 2452 1331 2516; x_wconf 90' lang='lat' dir='ltr'>Andree</span> <span class='ocrx_word' id='word_1_122' title='bbox 1356 2453 1509 2532; x_wconf 88' lang='lat' dir='ltr'>proxime</span> <span class='ocrx_word' id='word_1_123' title='bbox 1534 2453 1691 2532; x_wconf 90' lang='lat' dir='ltr'>preterita</span> <span class='ocrx_word' id='word_1_124' title='bbox 1716 2471 1793 2513; x_wconf 92' lang='lat' dir='ltr'>curn</span> 
     </span>
     <span class='ocr_line' id='line_1_17' title="bbox 347 2559 1792 2642; baseline -0.001 -21"><span class='ocrx_word' id='word_1_125' title='bbox 347 2563 453 2623; x_wconf 92' lang='lat' dir='ltr'>usuris</span> <span class='ocrx_word' id='word_1_126' title='bbox 488 2561 737 2623; x_wconf 90' lang='lat' dir='ltr'>acrescentibus</span> <span class='ocrx_word' id='word_1_127' title='bbox 768 2561 812 2623; x_wconf 92' lang='lat' dir='ltr'>de</span> <span class='ocrx_word' id='word_1_128' title='bbox 846 2561 1128 2640; x_wconf 89' lang='lat' dir='ltr'>archidyaconatu</span> <span class='ocrx_word' id='word_1_129' title='bbox 1161 2570 1271 2622; x_wconf 89' lang='lat' dir='ltr'>vestro</span> <span class='ocrx_word' id='word_1_130' title='bbox 1310 2560 1392 2623; x_wconf 91' lang='lat' dir='ltr'>solvi</span> <span class='ocrx_word' id='word_1_131' title='bbox 1423 2559 1620 2636; x_wconf 87' lang='lat' dir='ltr'>debuerant,</span> <span class='ocrx_word' id='word_1_132' title='bbox 1655 2561 1792 2642; x_wconf 86' lang='lat' dir='ltr'>pignora</span> 
     </span>
     <span class='ocr_line' id='line_1_18' title="bbox 347 2667 1792 2748; baseline -0.001 -18"><span class='ocrx_word' id='word_1_133' title='bbox 347 2677 460 2730; x_wconf 86' lang='lat' dir='ltr'>nostre</span> <span class='ocrx_word' id='word_1_134' title='bbox 492 2668 664 2748; x_wconf 83' lang='lat' dir='ltr'>Pragensis</span> <span class='ocrx_word' id='word_1_135' title='bbox 695 2668 834 2730; x_wconf 85' lang='lat' dir='ltr'>ecclesie</span> <span class='ocrx_word' id='word_1_136' title='bbox 867 2668 1030 2730; x_wconf 89' lang='lat' dir='ltr'>hactenus</span> <span class='ocrx_word' id='word_1_137' title='bbox 1062 2669 1157 2729; x_wconf 90' lang='lat' dir='ltr'>nimis</span> <span class='ocrx_word' id='word_1_138' title='bbox 1181 2668 1238 2730; x_wconf 90' lang='lat' dir='ltr'>diu</span> <span class='ocrx_word' id='word_1_139' title='bbox 1263 2676 1457 2730; x_wconf 88' lang='lat' dir='ltr'>remaneant</span> <span class='ocrx_word' id='word_1_140' title='bbox 1482 2667 1638 2748; x_wconf 86' lang='lat' dir='ltr'>obligata,</span> <span class='ocrx_word' id='word_1_141' title='bbox 1673 2687 1735 2728; x_wconf 92' lang='lat' dir='ltr'>nos</span> <span class='ocrx_word' id='word_1_142' title='bbox 1759 2667 1792 2729; x_wconf 96' lang='lat' dir='ltr'>id</span> 
     </span>
     <span class='ocr_line' id='line_1_19' title="bbox 346 2773 1794 2858; baseline 0 -23"><span class='ocrx_word' id='word_1_143' title='bbox 346 2787 479 2854; x_wconf 87' lang='lat' dir='ltr'>propter</span> <span class='ocrx_word' id='word_1_144' title='bbox 507 2793 604 2836; x_wconf 88' lang='lat' dir='ltr'>casus</span> <span class='ocrx_word' id='word_1_145' title='bbox 628 2773 752 2838; x_wconf 84' lang='lat' dir='ltr'>fortuiti</span> <span class='ocrx_word' id='word_1_146' title='bbox 776 2775 970 2853; x_wconf 88' lang='lat' dir='ltr'>periculum,</span> <span class='ocrx_word' id='word_1_147' title='bbox 1008 2777 1064 2858; x_wconf 90' lang='lat' dir='ltr'>qui</span> <span class='ocrx_word' id='word_1_148' title='bbox 1090 2775 1297 2853; x_wconf 88' lang='lat' dir='ltr'>previdendo</span> <span class='ocrx_word' id='word_1_149' title='bbox 1323 2775 1486 2854; x_wconf 89' lang='lat' dir='ltr'>previderi</span> <span class='ocrx_word' id='word_1_150' title='bbox 1511 2794 1578 2837; x_wconf 92' lang='lat' dir='ltr'>non</span> <span class='ocrx_word' id='word_1_151' title='bbox 1604 2783 1724 2854; x_wconf 84' lang='lat' dir='ltr'>potest,</span> <span class='ocrx_word' id='word_1_152' title='bbox 1761 2785 1794 2835; x_wconf 91' lang='lat' dir='ltr'>et</span> 
     </span>
     <span class='ocr_line' id='line_1_20' title="bbox 347 2881 1792 2964; baseline 0.001 -21"><span class='ocrx_word' id='word_1_153' title='bbox 347 2892 483 2962; x_wconf 89' lang='lat' dir='ltr'>propter</span> <span class='ocrx_word' id='word_1_154' title='bbox 515 2883 579 2944; x_wconf 92' lang='lat' dir='ltr'>hoc</span> <span class='ocrx_word' id='word_1_155' title='bbox 604 2883 712 2960; x_wconf 91' lang='lat' dir='ltr'>etiam,</span> <span class='ocrx_word' id='word_1_156' title='bbox 744 2884 821 2963; x_wconf 85' lang='lat' dir='ltr'>quia</span> <span class='ocrx_word' id='word_1_157' title='bbox 846 2883 1027 2962; x_wconf 90' lang='lat' dir='ltr'>capitulum</span> <span class='ocrx_word' id='word_1_158' title='bbox 1052 2891 1166 2945; x_wconf 90' lang='lat' dir='ltr'>nostre</span> <span class='ocrx_word' id='word_1_159' title='bbox 1191 2881 1363 2964; x_wconf 85' lang='lat' dir='ltr'>Pragensis</span> <span class='ocrx_word' id='word_1_160' title='bbox 1388 2881 1529 2944; x_wconf 83' lang='lat' dir='ltr'>ecclesie</span> <span class='ocrx_word' id='word_1_161' title='bbox 1554 2884 1694 2964; x_wconf 86' lang='lat' dir='ltr'>pignora</span> <span class='ocrx_word' id='word_1_162' title='bbox 1720 2901 1792 2962; x_wconf 91' lang='lat' dir='ltr'>pre-</span> 
     </span>
     <span class='ocr_line' id='line_1_21' title="bbox 347 2983 1792 3070; baseline 0.001 -22"><span class='ocrx_word' id='word_1_163' title='bbox 347 2991 437 3050; x_wconf 91' lang='lat' dir='ltr'>dicta</span> <span class='ocrx_word' id='word_1_164' title='bbox 468 3010 487 3050; x_wconf 93' lang='lat' dir='ltr'>a</span> <span class='ocrx_word' id='word_1_165' title='bbox 519 2989 616 3052; x_wconf 85' lang='lat' dir='ltr'>nobis</span> <span class='ocrx_word' id='word_1_166' title='bbox 646 2983 730 3051; x_wconf 91' lang='lat' dir='ltr'>nond</span> <span class='ocrx_word' id='word_1_167' title='bbox 762 2999 871 3051; x_wconf 88' lang='lat' dir='ltr'>cessat</span> <span class='ocrx_word' id='word_1_168' title='bbox 902 2999 1061 3070; x_wconf 79' lang='lat' dir='ltr'>repetere,</span> <span class='ocrx_word' id='word_1_169' title='bbox 1086 2991 1171 3052; x_wconf 92' lang='lat' dir='ltr'>sicut</span> <span class='ocrx_word' id='word_1_170' title='bbox 1194 2991 1302 3066; x_wconf 82' lang='lat' dir='ltr'>debet,</span> <span class='ocrx_word' id='word_1_171' title='bbox 1338 2989 1545 3053; x_wconf 88' lang='lat' dir='ltr'>dissimulare</span> <span class='ocrx_word' id='word_1_172' title='bbox 1570 2989 1701 3051; x_wconf 92' lang='lat' dir='ltr'>diucius</span> <span class='ocrx_word' id='word_1_173' title='bbox 1725 3009 1792 3051; x_wconf 92' lang='lat' dir='ltr'>non</span> 
     </span>
     <span class='ocr_line' id='line_1_22' title="bbox 346 3097 1792 3177; baseline -0.001 -19"><span class='ocrx_word' id='word_1_174' title='bbox 346 3097 503 3173; x_wconf 85' lang='lat' dir='ltr'>valentes,</span> <span class='ocrx_word' id='word_1_175' title='bbox 528 3097 724 3158; x_wconf 93' lang='lat' dir='ltr'>discrecioni</span> <span class='ocrx_word' id='word_1_176' title='bbox 750 3107 857 3158; x_wconf 87' lang='lat' dir='ltr'>vestre</span> <span class='ocrx_word' id='word_1_177' title='bbox 877 3097 1030 3172; x_wconf 68' lang='lat' dir='ltr'>¹districte</span> <span class='ocrx_word' id='word_1_178' title='bbox 1055 3097 1272 3176; x_wconf 88' lang='lat' dir='ltr'>precipiendo</span> <span class='ocrx_word' id='word_1_179' title='bbox 1297 3097 1505 3171; x_wconf 88' lang='lat' dir='ltr'>mandamus,</span> <span class='ocrx_word' id='word_1_180' title='bbox 1529 3106 1695 3177; x_wconf 88' lang='lat' dir='ltr'>quatenus</span> <span class='ocrx_word' id='word_1_181' title='bbox 1720 3115 1792 3173; x_wconf 91' lang='lat' dir='ltr'>pre-</span> 
     </span>
     <span class='ocr_line' id='line_1_23' title="bbox 347 3203 1790 3284; baseline -0.001 -18"><span class='ocrx_word' id='word_1_182' title='bbox 347 3206 454 3266; x_wconf 86' lang='lat' dir='ltr'>dictas</span> <span class='ocrx_word' id='word_1_183' title='bbox 480 3203 511 3264; x_wconf 96' lang='lat' dir='ltr'>V</span> <span class='ocrx_word' id='word_1_184' title='bbox 535 3223 665 3266; x_wconf 90' lang='lat' dir='ltr'>marcas</span> <span class='ocrx_word' id='word_1_185' title='bbox 689 3224 765 3265; x_wconf 92' lang='lat' dir='ltr'>cum</span> <span class='ocrx_word' id='word_1_186' title='bbox 790 3207 907 3278; x_wconf 91' lang='lat' dir='ltr'>usuris,</span> <span class='ocrx_word' id='word_1_187' title='bbox 933 3224 998 3284; x_wconf 91' lang='lat' dir='ltr'>que</span> <span class='ocrx_word' id='word_1_188' title='bbox 1022 3224 1123 3284; x_wconf 89' lang='lat' dir='ltr'>super</span> <span class='ocrx_word' id='word_1_189' title='bbox 1139 3223 1197 3266; x_wconf 91' lang='lat' dir='ltr'>eas</span> <span class='ocrx_word' id='word_1_190' title='bbox 1214 3213 1410 3266; x_wconf 90' lang='lat' dir='ltr'>acreverunt</span> <span class='ocrx_word' id='word_1_191' title='bbox 1427 3215 1459 3266; x_wconf 93' lang='lat' dir='ltr'>et</span> <span class='ocrx_word' id='word_1_192' title='bbox 1477 3214 1652 3265; x_wconf 91' lang='lat' dir='ltr'>acrescunt</span> <span class='ocrx_word' id='word_1_193' title='bbox 1669 3223 1687 3264; x_wconf 89' lang='lat' dir='ltr'>a</span> <span class='ocrx_word' id='word_1_194' title='bbox 1704 3203 1790 3265; x_wconf 86' lang='lat' dir='ltr'>festo</span> 
     </span>
     <span class='ocr_line' id='line_1_24' title="bbox 347 3305 1793 3392; baseline -0.001 -20"><span class='ocrx_word' id='word_1_195' title='bbox 347 3313 458 3373; x_wconf 85' lang='lat' dir='ltr'>beati.</span> <span class='ocrx_word' id='word_1_196' title='bbox 477 3321 498 3374; x_wconf 62' lang='grc' dir='ltr'>,θ</span> <span class='ocrx_word' id='word_1_197' title='bbox 526 3313 678 3392; x_wconf 86' lang='lat' dir='ltr'>proxime</span> <span class='ocrx_word' id='word_1_198' title='bbox 703 3313 870 3392; x_wconf 87' lang='lat' dir='ltr'>preterit0,</span> <span class='ocrx_word' id='word_1_199' title='bbox 902 3310 983 3373; x_wconf 82' lang='lat' dir='ltr'>inira</span> <span class='ocrx_word' id='word_1_200' title='bbox 1008 3311 1129 3372; x_wconf 81' lang='lat' dir='ltr'>festum</span> <span class='ocrx_word' id='word_1_201' title='bbox 1152 3313 1241 3373; x_wconf 90' lang='lat' dir='ltr'>beati</span> <span class='ocrx_word' id='word_1_202' title='bbox 1267 3305 1360 3372; x_wconf 83' lang='lat' dir='ltr'>Witis</span> <span class='ocrx_word' id='word_1_203' title='bbox 1384 3330 1472 3373; x_wconf 92' lang='lat' dir='ltr'>nunc</span> <span class='ocrx_word' id='word_1_204' title='bbox 1497 3312 1621 3373; x_wconf 85' lang='lat' dir='ltr'>instans</span> <span class='ocrx_word' id='word_1_205' title='bbox 1650 3311 1793 3372; x_wconf 88' lang='lat' dir='ltr'>finaliter</span> 
     </span>
     <span class='ocr_line' id='line_1_25' title="bbox 347 3417 1792 3500; baseline -0.001 -20"><span class='ocrx_word' id='word_1_206' title='bbox 347 3432 380 3480; x_wconf 91' lang='lat' dir='ltr'>et</span> <span class='ocrx_word' id='word_1_207' title='bbox 404 3419 650 3499; x_wconf 88' lang='lat' dir='ltr'>peremptorie.</span> <span class='ocrx_word' id='word_1_208' title='bbox 669 3425 692 3478; x_wconf 61' lang='grc' dir='ltr'>,Ε</span> <span class='ocrx_word' id='word_1_209' title='bbox 716 3420 853 3480; x_wconf 88' lang='lat' dir='ltr'>sacriste</span> <span class='ocrx_word' id='word_1_210' title='bbox 879 3417 1034 3499; x_wconf 84' lang='lat' dir='ltr'>Pragensi</span> <span class='ocrx_word' id='word_1_211' title='bbox 1058 3420 1226 3500; x_wconf 84' lang='lat' dir='ltr'>assignare</span> <span class='ocrx_word' id='word_1_212' title='bbox 1251 3418 1454 3497; x_wconf 74' lang='lat' dir='ltr'>integraliter</span> <span class='ocrx_word' id='word_1_213' title='bbox 1477 3419 1510 3479; x_wconf 91' lang='lat' dir='ltr'>in</span> <span class='ocrx_word' id='word_1_214' title='bbox 1536 3419 1625 3479; x_wconf 93' lang='lat' dir='ltr'>bono</span> <span class='ocrx_word' id='word_1_215' title='bbox 1650 3427 1681 3479; x_wconf 92' lang='lat' dir='ltr'>et</span> <span class='ocrx_word' id='word_1_216' title='bbox 1707 3438 1792 3496; x_wconf 91' lang='lat' dir='ltr'>puro</span> 
     </span>
     <span class='ocr_line' id='line_1_26' title="bbox 346 3525 1790 3606; baseline -0.001 -20"><span class='ocrx_word' id='word_1_217' title='bbox 346 3537 484 3606; x_wconf 87' lang='lat' dir='ltr'>argento</span> <span class='ocrx_word' id='word_1_218' title='bbox 524 3527 711 3588; x_wconf 92' lang='lat' dir='ltr'>nullatenus</span> <span class='ocrx_word' id='word_1_219' title='bbox 742 3525 909 3597; x_wconf 86' lang='lat' dir='ltr'>differatis,</span> <span class='ocrx_word' id='word_1_220' title='bbox 949 3525 1096 3605; x_wconf 89' lang='lat' dir='ltr'>alioquin</span> <span class='ocrx_word' id='word_1_221' title='bbox 1121 3525 1152 3586; x_wconf 91' lang='lat' dir='ltr'>in</span> <span class='ocrx_word' id='word_1_222' title='bbox 1177 3527 1332 3604; x_wconf 92' lang='lat' dir='ltr'>proxima</span> <span class='ocrx_word' id='word_1_223' title='bbox 1356 3525 1488 3602; x_wconf 88' lang='lat' dir='ltr'>synodo</span> <span class='ocrx_word' id='word_1_224' title='bbox 1524 3537 1648 3599; x_wconf 90' lang='lat' dir='ltr'>nostra,</span> <span class='ocrx_word' id='word_1_225' title='bbox 1688 3543 1790 3606; x_wconf 90' lang='lat' dir='ltr'>quam</span> 
     </span>
     <span class='ocr_line' id='line_1_27' title="bbox 346 3633 1793 3712; baseline -0.001 -19"><span class='ocrx_word' id='word_1_226' title='bbox 346 3633 477 3695; x_wconf 91' lang='lat' dir='ltr'>volente</span> <span class='ocrx_word' id='word_1_227' title='bbox 495 3633 560 3695; x_wconf 89' lang='lat' dir='ltr'>deo</span> <span class='ocrx_word' id='word_1_228' title='bbox 577 3633 745 3694; x_wconf 89' lang='lat' dir='ltr'>celebrare</span> <span class='ocrx_word' id='word_1_229' title='bbox 761 3633 971 3708; x_wconf 82' lang='lat' dir='ltr'>intendimus,</span> <span class='ocrx_word' id='word_1_230' title='bbox 984 3650 1043 3693; x_wconf 89' lang='lat' dir='ltr'>vos</span> <span class='ocrx_word' id='word_1_231' title='bbox 1056 3633 1250 3694; x_wconf 91' lang='lat' dir='ltr'>nominatim</span> <span class='ocrx_word' id='word_1_232' title='bbox 1265 3641 1298 3692; x_wconf 92' lang='lat' dir='ltr'>et</span> <span class='ocrx_word' id='word_1_233' title='bbox 1312 3633 1444 3712; x_wconf 86' lang='lat' dir='ltr'>publice</span> <span class='ocrx_word' id='word_1_234' title='bbox 1457 3633 1793 3706; x_wconf 75' lang='lat' dir='ltr'>excomunicacioni5‚</span> 
     </span>
     <span class='ocr_line' id='line_1_28' title="bbox 347 3737 1792 3821; baseline -0.003 -19"><span class='ocrx_word' id='word_1_235' title='bbox 347 3761 446 3821; x_wconf 92' lang='lat' dir='ltr'>quam</span> <span class='ocrx_word' id='word_1_236' title='bbox 471 3741 641 3812; x_wconf 86' lang='lat' dir='ltr'>incurritis,</span> <span class='ocrx_word' id='word_1_237' title='bbox 665 3738 940 3800; x_wconf 88' lang='lat' dir='ltr'>denunciabimus</span> <span class='ocrx_word' id='word_1_238' title='bbox 963 3751 997 3798; x_wconf 91' lang='lat' dir='ltr'>et</span> <span class='ocrx_word' id='word_1_239' title='bbox 1020 3737 1212 3799; x_wconf 90' lang='lat' dir='ltr'>denunciari</span> <span class='ocrx_word' id='word_1_240' title='bbox 1237 3738 1396 3799; x_wconf 83' lang='lat' dir='ltr'>iaciemus</span> <span class='ocrx_word' id='word_1_241' title='bbox 1420 3740 1588 3800; x_wconf 88' lang='lat' dir='ltr'>sentencie</span> <span class='ocrx_word' id='word_1_242' title='bbox 1620 3740 1792 3800; x_wconf 88' lang='lat' dir='ltr'>subiacere</span> 
     </span>
     <span class='ocr_line' id='line_1_29' title="bbox 348 3846 1793 3924; baseline -0.003 -14"><span class='ocrx_word' id='word_1_243' title='bbox 348 3861 381 3910; x_wconf 92' lang='lat' dir='ltr'>et</span> <span class='ocrx_word' id='word_1_244' title='bbox 406 3847 638 3909; x_wconf 90' lang='lat' dir='ltr'>nichilominus</span> <span class='ocrx_word' id='word_1_245' title='bbox 670 3846 843 3907; x_wconf 89' lang='lat' dir='ltr'>ecclesiam</span> <span class='ocrx_word' id='word_1_246' title='bbox 869 3856 960 3906; x_wconf 91' lang='lat' dir='ltr'>tuam</span> <span class='ocrx_word' id='word_1_247' title='bbox 985 3853 1110 3906; x_wconf 88' lang='lat' dir='ltr'>extunc</span> <span class='ocrx_word' id='word_1_248' title='bbox 1135 3857 1234 3922; x_wconf 90' lang='lat' dir='ltr'>prout</span> <span class='ocrx_word' id='word_1_249' title='bbox 1258 3865 1391 3907; x_wconf 89' lang='lat' dir='ltr'>exnunc</span> <span class='ocrx_word' id='word_1_250' title='bbox 1416 3846 1643 3908; x_wconf 90' lang='lat' dir='ltr'>ecclesiastico</span> <span class='ocrx_word' id='word_1_251' title='bbox 1667 3865 1793 3924; x_wconf 90' lang='lat' dir='ltr'>suppo·</span> 
     </span>
     <span class='ocr_line' id='line_1_30' title="bbox 347 3949 925 4018; baseline -0.01 0"><span class='ocrx_word' id='word_1_252' title='bbox 347 3949 479 4018; x_wconf 79' lang='lat' dir='ltr'>nemush</span> <span class='ocrx_word' id='word_1_253' title='bbox 504 3953 691 4016; x_wconf 81' lang='lat' dir='ltr'>interdicto,</span> <span class='ocrx_word' id='word_1_254' title='bbox 718 3951 839 4014; x_wconf 90' lang='lat' dir='ltr'>Datum</span> <span class='ocrx_word' id='word_1_255' title='bbox 865 3961 925 4013; x_wconf 91' lang='lat' dir='ltr'>etc.</span> 
     </span>
    </p>
   </div>
   <div class='ocr_carea' id='block_1_10' title="bbox 345 4123 1792 4646">
    <p class='ocr_par' dir='ltr' id='par_1_10' title="bbox 345 4123 1792 4646">
     <span class='ocr_line' id='line_1_31' title="bbox 454 4123 1792 4194; baseline -0.001 -14"><span class='ocrx_word' id='word_1_256' title='bbox 454 4127 514 4182; x_wconf 83' lang='lat' dir='ltr'>Fol.</span> <span class='ocrx_word' id='word_1_257' title='bbox 535 4125 579 4179; x_wconf 90' lang='lat'>11&#39;</span> <span class='ocrx_word' id='word_1_258' title='bbox 599 4129 621 4182; x_wconf 75' lang='grc' dir='ltr'>ὅ.</span> <span class='ocrx_word' id='word_1_259' title='bbox 643 4133 684 4192; x_wconf 82' lang='grc'>73,</span> <span class='ocrx_word' id='word_1_260' title='bbox 704 4127 749 4180; x_wconf 73' lang='lat' dir='ltr'>tei</span> <span class='ocrx_word' id='word_1_261' title='bbox 768 4142 786 4178; x_wconf 92' lang='lat' dir='ltr'>v</span> <span class='ocrx_word' id='word_1_262' title='bbox 806 4125 947 4192; x_wconf 86' lang='lat' dir='ltr'>rukopise</span> <span class='ocrx_word' id='word_1_263' title='bbox 966 4127 1095 4194; x_wconf 86' lang='lat' dir='ltr'>kapituly</span> <span class='ocrx_word' id='word_1_264' title='bbox 1116 4126 1238 4179; x_wconf 78' lang='lat' dir='ltr'>Praiske</span> <span class='ocrx_word' id='word_1_265' title='bbox 1257 4126 1271 4194; x_wconf 90' lang='lat' dir='ltr'>J</span> <span class='ocrx_word' id='word_1_266' title='bbox 1291 4123 1337 4178; x_wconf 72' lang='lat' dir='ltr'>40h</span> <span class='ocrx_word' id='word_1_267' title='bbox 1352 4126 1399 4179; x_wconf 85' lang='lat' dir='ltr'>lol.</span> <span class='ocrx_word' id='word_1_268' title='bbox 1420 4129 1480 4178; x_wconf 79' lang='grc'>249,</span> <span class='ocrx_word' id='word_1_269' title='bbox 1503 4125 1615 4178; x_wconf 76' lang='lat' dir='ltr'>Vnitini</span> <span class='ocrx_word' id='word_1_270' title='bbox 1634 4126 1792 4180; x_wconf 86' lang='lat' dir='ltr'>souvislost</span> 
     </span>
     <span class='ocr_line' id='line_1_32' title="bbox 345 4211 1792 4286; baseline -0.003 -14"><span class='ocrx_word' id='word_1_271' title='bbox 345 4219 449 4272; x_wconf 89' lang='lat' dir='ltr'>tohoto</span> <span class='ocrx_word' id='word_1_272' title='bbox 469 4217 535 4270; x_wconf 89' lang='lat' dir='ltr'>listu</span> <span class='ocrx_word' id='word_1_273' title='bbox 555 4235 569 4272; x_wconf 84' lang='lat' dir='ltr'>s</span> <span class='ocrx_word' id='word_1_274' title='bbox 588 4218 613 4272; x_wconf 74' lang='lat' dir='ltr'>d.</span> <span class='ocrx_word' id='word_1_275' title='bbox 634 4221 676 4280; x_wconf 78' lang='lat'>7⁴,</span> <span class='ocrx_word' id='word_1_276' title='bbox 696 4218 824 4286; x_wconf 80' lang='lat' dir='ltr'>zejmena</span> <span class='ocrx_word' id='word_1_277' title='bbox 844 4231 900 4269; x_wconf 92' lang='lat' dir='ltr'>ona</span> <span class='ocrx_word' id='word_1_278' title='bbox 920 4215 1013 4280; x_wconf 88' lang='lat' dir='ltr'>mista,</span> <span class='ocrx_word' id='word_1_279' title='bbox 1034 4216 1092 4268; x_wconf 88' lang='lat' dir='ltr'>kde</span> <span class='ocrx_word' id='word_1_280' title='bbox 1111 4231 1142 4268; x_wconf 84' lang='lat' dir='ltr'>se</span> <span class='ocrx_word' id='word_1_281' title='bbox 1160 4216 1248 4284; x_wconf 74' lang='lat' dir='ltr'>jedna</span> <span class='ocrx_word' id='word_1_282' title='bbox 1262 4231 1281 4269; x_wconf 95' lang='lat' dir='ltr'>o</span> <span class='ocrx_word' id='word_1_283' title='bbox 1294 4216 1411 4286; x_wconf 74' lang='lat' dir='ltr'>vyplatu</span> <span class='ocrx_word' id='word_1_284' title='bbox 1424 4218 1522 4268; x_wconf 75' lang='lat' dir='ltr'>zastav</span> <span class='ocrx_word' id='word_1_285' title='bbox 1534 4215 1572 4266; x_wconf 94' lang='lat' dir='ltr'>od</span> <span class='ocrx_word' id='word_1_286' title='bbox 1587 4211 1662 4276; x_wconf 74' lang='lat' dir='ltr'>lidii,</span> <span class='ocrx_word' id='word_1_287' title='bbox 1683 4216 1792 4269; x_wconf 83' lang='lat' dir='ltr'>kladou</span> 
     </span>
     <span class='ocr_line' id='line_1_33' title="bbox 347 4303 1792 4376; baseline -0.002 -16"><span class='ocrx_word' id='word_1_288' title='bbox 347 4315 409 4376; x_wconf 84' lang='lat' dir='ltr'>tyto</span> <span class='ocrx_word' id='word_1_289' title='bbox 428 4313 444 4360; x_wconf 89' lang='lat'><strong>2</strong></span> <span class='ocrx_word' id='word_1_290' title='bbox 465 4310 539 4376; x_wconf 82' lang='lat' dir='ltr'>kusy</span> <span class='ocrx_word' id='word_1_291' title='bbox 558 4307 784 4375; x_wconf 82' lang='lat' dir='ltr'>chronologicky</span> <span class='ocrx_word' id='word_1_292' title='bbox 802 4305 876 4358; x_wconf 76' lang='lat' dir='ltr'>bule</span> <span class='ocrx_word' id='word_1_293' title='bbox 895 4307 974 4359; x_wconf 89' lang='lat' dir='ltr'>sebe.</span> <span class='ocrx_word' id='word_1_294' title='bbox 1010 4303 1113 4358; x_wconf 73' lang='lat' dir='ltr'>Patrne</span> <span class='ocrx_word' id='word_1_295' title='bbox 1132 4307 1141 4358; x_wconf 91' lang='lat' dir='ltr'>i</span> <span class='ocrx_word' id='word_1_296' title='bbox 1160 4305 1214 4358; x_wconf 87' lang='lat' dir='ltr'>zde</span> <span class='ocrx_word' id='word_1_297' title='bbox 1231 4305 1281 4375; x_wconf 87' lang='lat' dir='ltr'>jde</span> <span class='ocrx_word' id='word_1_298' title='bbox 1300 4321 1318 4358; x_wconf 94' lang='lat' dir='ltr'>o</span> <span class='ocrx_word' id='word_1_299' title='bbox 1338 4305 1485 4372; x_wconf 86' lang='lat' dir='ltr'>zaplacenl</span> <span class='ocrx_word' id='word_1_300' title='bbox 1505 4306 1668 4372; x_wconf 84' lang='lat' dir='ltr'>prokurace</span> <span class='ocrx_word' id='word_1_301' title='bbox 1688 4305 1792 4373; x_wconf 72' lang='lat' dir='ltr'>papei-</span> 
     </span>
     <span class='ocr_line' id='line_1_34' title="bbox 345 4389 1792 4466; baseline -0.001 -16"><span class='ocrx_word' id='word_1_302' title='bbox 345 4398 438 4451; x_wconf 81' lang='lat' dir='ltr'>skeho</span> <span class='ocrx_word' id='word_1_303' title='bbox 467 4398 568 4466; x_wconf 71' lang='lat' dir='ltr'>legata.</span> <span class='ocrx_word' id='word_1_304' title='bbox 599 4395 780 4464; x_wconf 65' lang='lat' dir='ltr'>StupliovAnl</span> <span class='ocrx_word' id='word_1_305' title='bbox 809 4395 974 4449; x_wconf 86' lang='lat' dir='ltr'>clrkevnich</span> <span class='ocrx_word' id='word_1_306' title='bbox 1000 4389 1095 4448; x_wconf 77' lang='lat' dir='ltr'>trestt</span> <span class='ocrx_word' id='word_1_307' title='bbox 1123 4395 1168 4447; x_wconf 73' lang='lat' dir='ltr'>tel</span> <span class='ocrx_word' id='word_1_308' title='bbox 1194 4396 1247 4448; x_wconf 83' lang='lat' dir='ltr'>zde</span> <span class='ocrx_word' id='word_1_309' title='bbox 1273 4396 1397 4463; x_wconf 88' lang='lat' dir='ltr'>ukazuje</span> <span class='ocrx_word' id='word_1_310' title='bbox 1422 4409 1459 4447; x_wconf 89' lang='lat' dir='ltr'>na</span> <span class='ocrx_word' id='word_1_311' title='bbox 1484 4393 1557 4447; x_wconf 72' lang='lat' dir='ltr'>delsi</span> <span class='ocrx_word' id='word_1_312' title='bbox 1574 4394 1612 4462; x_wconf 74' lang='lat' dir='ltr'>jii</span> <span class='ocrx_word' id='word_1_313' title='bbox 1631 4393 1792 4449; x_wconf 73' lang='lat' dir='ltr'>ocekavanl</span> 
     </span>
     <span class='ocr_line' id='line_1_35' title="bbox 345 4481 1792 4556; baseline -0.002 -16"><span class='ocrx_word' id='word_1_314' title='bbox 345 4487 478 4540; x_wconf 78' lang='lat' dir='ltr'>nailzene</span> <span class='ocrx_word' id='word_1_315' title='bbox 508 4488 690 4540; x_wconf 88' lang='lat' dir='ltr'>kontribuce.</span> <span class='ocrx_word' id='word_1_316' title='bbox 728 4484 840 4556; x_wconf 85' lang='lat' dir='ltr'>,Vigilia</span> <span class='ocrx_word' id='word_1_317' title='bbox 865 4486 893 4539; x_wconf 95' lang='lat' dir='ltr'>b.</span> <span class='ocrx_word' id='word_1_318' title='bbox 920 4485 1037 4538; x_wconf 83' lang='lat' dir='ltr'>Andree</span> <span class='ocrx_word' id='word_1_319' title='bbox 1057 4485 1191 4553; x_wconf 82' lang='lat' dir='ltr'>proxime</span> <span class='ocrx_word' id='word_1_320' title='bbox 1220 4485 1367 4551; x_wconf 89' lang='lat' dir='ltr'>preterita‘</span> <span class='ocrx_word' id='word_1_321' title='bbox 1387 4481 1417 4554; x_wconf 86' lang='lat' dir='ltr'>(t.</span> <span class='ocrx_word' id='word_1_322' title='bbox 1434 4485 1453 4553; x_wconf 86' lang='lat' dir='ltr'>j.</span> <span class='ocrx_word' id='word_1_323' title='bbox 1473 4489 1507 4537; x_wconf 85' lang='grc'>29</span> <span class='ocrx_word' id='word_1_324' title='bbox 1527 4483 1683 4552; x_wconf 87' lang='lat' dir='ltr'>listopadu)</span> <span class='ocrx_word' id='word_1_325' title='bbox 1704 4499 1792 4552; x_wconf 83' lang='lat' dir='ltr'>posu·</span> 
     </span>
     <span class='ocr_line' id='line_1_36' title="bbox 346 4576 855 4646; baseline 0 -16"><span class='ocrx_word' id='word_1_326' title='bbox 346 4578 414 4646; x_wconf 88' lang='lat' dir='ltr'>nuje</span> <span class='ocrx_word' id='word_1_327' title='bbox 433 4577 534 4630; x_wconf 88' lang='lat' dir='ltr'>datum</span> <span class='ocrx_word' id='word_1_328' title='bbox 552 4576 586 4630; x_wconf 75' lang='lat' dir='ltr'>ai</span> <span class='ocrx_word' id='word_1_329' title='bbox 606 4577 644 4630; x_wconf 87' lang='lat' dir='ltr'>ku</span> <span class='ocrx_word' id='word_1_330' title='bbox 664 4576 749 4632; x_wconf 89' lang='lat' dir='ltr'>konci</span> <span class='ocrx_word' id='word_1_331' title='bbox 772 4577 855 4630; x_wconf 85' lang='lat' dir='ltr'>roku.</span> 
     </span>
    </p>
   </div>
   <div class='ocr_carea' id='block_1_11' title="bbox 347 4947 1792 5184">
    <p class='ocr_par' dir='ltr' id='par_1_11' title="bbox 347 4947 1792 5184">
     <span class='ocr_line' id='line_1_37' title="bbox 454 4947 1791 5018; baseline -0.001 -16"><span class='ocrx_word' id='word_1_332' title='bbox 454 4951 481 5017; x_wconf 84' lang='lat' dir='ltr'>a)</span> <span class='ocrx_word' id='word_1_333' title='bbox 503 4950 655 5016; x_wconf 86' lang='lat' dir='ltr'>,recepitis‘</span> <span class='ocrx_word' id='word_1_334' title='bbox 669 4949 708 5002; x_wconf 90' lang='lat' dir='ltr'>ln.</span> <span class='ocrx_word' id='word_1_335' title='bbox 729 4977 762 4986; x_wconf 92' lang='lat'>-</span> <span class='ocrx_word' id='word_1_336' title='bbox 781 4947 812 5018; x_wconf 91' lang='lat' dir='ltr'>b)</span> <span class='ocrx_word' id='word_1_337' title='bbox 832 4949 993 5018; x_wconf 87' lang='lat' dir='ltr'>,Johannes‘</span> <span class='ocrx_word' id='word_1_338' title='bbox 1017 4949 1089 5016; x_wconf 88' lang='lat' dir='ltr'>Kap.</span> <span class='ocrx_word' id='word_1_339' title='bbox 1101 4947 1122 5016; x_wconf 93' lang='lat' dir='ltr'>J.</span> <span class='ocrx_word' id='word_1_340' title='bbox 1143 4977 1175 4986; x_wconf 90' lang='lat'>-</span> <span class='ocrx_word' id='word_1_341' title='bbox 1196 4949 1222 5015; x_wconf 86' lang='lat' dir='ltr'>c)</span> <span class='ocrx_word' id='word_1_342' title='bbox 1242 4949 1290 5012; x_wconf 58' lang='lat' dir='ltr'>,Bt</span> <span class='ocrx_word' id='word_1_343' title='bbox 1312 4947 1382 5016; x_wconf 87' lang='lat' dir='ltr'>Kap.</span> <span class='ocrx_word' id='word_1_344' title='bbox 1395 4949 1417 5018; x_wconf 90' lang='lat' dir='ltr'>J.</span> <span class='ocrx_word' id='word_1_345' title='bbox 1440 4977 1468 4986; x_wconf 87' lang='lat'>-</span> <span class='ocrx_word' id='word_1_346' title='bbox 1490 4949 1520 5015; x_wconf 88' lang='lat' dir='ltr'>d)</span> <span class='ocrx_word' id='word_1_347' title='bbox 1542 4953 1626 5010; x_wconf 83' lang='lat' dir='ltr'>‚nam&#39;</span> <span class='ocrx_word' id='word_1_348' title='bbox 1645 4949 1694 5010; x_wconf 83' lang='lat' dir='ltr'>ln,</span> <span class='ocrx_word' id='word_1_349' title='bbox 1715 4952 1791 5011; x_wconf 76' lang='lat' dir='ltr'>mon*</span> 
     </span>
     <span class='ocr_line' id='line_1_38' title="bbox 347 5037 1792 5109; baseline -0.003 -15"><span class='ocrx_word' id='word_1_350' title='bbox 347 5040 453 5109; x_wconf 86' lang='lat' dir='ltr'>KapJ.</span> <span class='ocrx_word' id='word_1_351' title='bbox 482 5071 512 5079; x_wconf 98' lang='lat'>—</span> <span class='ocrx_word' id='word_1_352' title='bbox 539 5048 566 5096; x_wconf 80' lang='lat' dir='ltr'>et</span> <span class='ocrx_word' id='word_1_353' title='bbox 581 5039 675 5105; x_wconf 81' lang='lat' dir='ltr'>‚Petri‘</span> <span class='ocrx_word' id='word_1_354' title='bbox 696 5037 766 5105; x_wconf 90' lang='lat' dir='ltr'>Kap.</span> <span class='ocrx_word' id='word_1_355' title='bbox 781 5038 803 5104; x_wconf 86' lang='lat' dir='ltr'>J.</span> <span class='ocrx_word' id='word_1_356' title='bbox 831 5069 863 5078; x_wconf 87' lang='lat'>-—</span> <span class='ocrx_word' id='word_1_357' title='bbox 891 5037 1071 5104; x_wconf 80' lang='lat' dir='ltr'>f)‚Andree‘</span> <span class='ocrx_word' id='word_1_358' title='bbox 1096 5037 1167 5107; x_wconf 85' lang='lat' dir='ltr'>Kap.</span> <span class='ocrx_word' id='word_1_359' title='bbox 1180 5037 1202 5106; x_wconf 89' lang='lat' dir='ltr'>J.</span> <span class='ocrx_word' id='word_1_360' title='bbox 1227 5067 1253 5076; x_wconf 94' lang='lat'>-</span> <span class='ocrx_word' id='word_1_361' title='bbox 1276 5043 1304 5107; x_wconf 82' lang='lat' dir='ltr'>gl</span> <span class='ocrx_word' id='word_1_362' title='bbox 1325 5037 1376 5102; x_wconf 89' lang='lat' dir='ltr'><strong>‚G.‘</strong></span> <span class='ocrx_word' id='word_1_363' title='bbox 1399 5038 1470 5105; x_wconf 89' lang='lat' dir='ltr'>Kap.</span> <span class='ocrx_word' id='word_1_364' title='bbox 1484 5038 1506 5108; x_wconf 94' lang='lat' dir='ltr'>J.</span> <span class='ocrx_word' id='word_1_365' title='bbox 1533 5068 1566 5076; x_wconf 93' lang='lat'>-</span> <span class='ocrx_word' id='word_1_366' title='bbox 1594 5038 1623 5106; x_wconf 88' lang='lat' dir='ltr'>h)</span> <span class='ocrx_word' id='word_1_367' title='bbox 1642 5040 1792 5106; x_wconf 80' lang='lat' dir='ltr'>‚supponi-</span> 
     </span>
     <span class='ocr_line' id='line_1_39' title="bbox 347 5129 477 5184; baseline -0.008 -1"><span class='ocrx_word' id='word_1_368' title='bbox 347 5133 419 5184; x_wconf 87' lang='lat' dir='ltr'>mus‘</span> <span class='ocrx_word' id='word_1_369' title='bbox 438 5129 477 5183; x_wconf 92' lang='lat' dir='ltr'>ln.</span> 
     </span>
    </p>
   </div>
   <div class='ocr_carea' id='block_1_12' title="bbox 0 0 1988 5848">
    <p class='ocr_par' dir='ltr' id='par_1_12' title="bbox 0 0 1988 5848">
     <span class='ocr_line' id='line_1_40' title="bbox 0 0 1988 5848; baseline 0 0"><span class='ocrx_word' id='word_1_370' title='bbox 0 0 1988 5848; x_wconf 95' lang='lat' dir='ltr'> </span> 
     </span>
    </p>
   </div>
  </div>
 </body>
</html>
