3968 5848
1032 377 1082 427 126

333 595 485 658 volentes
519 592 631 657 iacere
666 593 847 669 meliorem,
885 593 959 655 ville
997 588 1204 672 Witouic⁸¹J
1245 594 1460 670 episcopatus
1495 591 1599 652 nostri
1635 588 1781 650 mediam

334 715 463 781 partem
488 721 563 764 cum
590 701 621 761 V
646 720 802 783 agrorum
835 702 947 777 laneis,
972 701 1138 772 domibus,
1163 701 1248 760 areis
1273 709 1306 760 et
1330 699 1491 760 universis
1522 697 1594 758 aliis
1618 696 1782 775 pertinen·

335 805 416 873 ciisb
438 857 469 872 ..
495 809 537 870 de
561 809 616 870 tali
650 809 734 882 loco,
759 809 961 870 exhibitoric
986 807 1205 886 presencium,
1230 814 1331 884 prout
1355 807 1424 885 ipse
1450 823 1536 866 nunc
1562 823 1600 865 ea
1626 802 1783 882 possidet,

335 919 377 980 de
391 915 550 978 mandato
567 925 681 977 nostro
700 918 733 976 in
750 935 865 976 eorum
879 915 1091 993 corporalem
1108 914 1354 992 possessionem
1373 905 1555 986 inductus,‘¹
1572 909 1784 972 vendidimus

336 1045 396 1104 pro
428 1042 540 1084 marca
574 1023 653 1083 boni
685 1036 717 1082 et
754 1024 826 1100 puri
862 1026 990 1104 argenti
1027 1022 1201 1102 Pragensis
1239 1018 1407 1097 ponderis,
1439 1019 1482 1080 ab
1508 1019 1629 1080 eodem
1654 1024 1727 1078 ...⁸
1751 1027 1783 1076 et

336 1130 463 1193 cunctis
495 1129 598 1208 ipsius
631 1129 811 1190 heredibus
843 1129 949 1208 ipsam
982 1129 1186 1191 hereditario
1211 1128 1281 1187 iure
1311 1135 1474 1204 perpetuo
1509 1116 1785 1205 possidendaJmJ,

336 1238 477 1300 eandem
511 1238 729 1316 quantitatem
763 1238 912 1316 pecunie,
936 1255 1038 1316 quam
1072 1237 1114 1296 ab
1146 1254 1188 1296 eo
1221 1234 1252 1294 in
1279 1233 1436 1314 Pragensi
1469 1234 1622 1310 pondere
1658 1232 1785 1310 integre

339 1345 534 1423 recepimus,
569 1361 630 1420 pro
665 1342 735 1403 aliis
772 1343 1040 1420 possessionibus
1076 1351 1177 1420 atque
1213 1341 1311 1403 bonis
1350 1339 1561 1419 episcopatui
1601 1349 1717 1400 nostro
1753 1345 1785 1395 et

335 1449 475 1512 ecclesie
513 1449 673 1530 Pragensi
705 1450 808 1530 magis
844 1449 980 1512 utilibus
1017 1457 1235 1511 covertentes.
1286 1447 1321 1508 ln
1354 1449 1448 1509 cuius
1479 1448 1525 1508 rei
1557 1447 1785 1508 testimonium

335 1557 423 1618 istud
456 1559 617 1634 scriptum
649 1555 728 1629 fieri,
751 1556 844 1636 quod
876 1559 980 1618 nostri
1005 1567 1038 1618 et
1062 1553 1190 1635 prefate
1224 1553 1397 1635 Pragensis
1430 1553 1572 1615 ecclesie
1603 1552 1785 1634 sigillorum

337 1665 516 1724 munimine
550 1664 745 1726 roboratum
777 1662 820 1725 ad
854 1663 1019 1725 cautelam
1053 1661 1262 1742 presencium
1300 1671 1333 1721 et
1369 1660 1556 1722 futurorum
1589 1659 1785 1720 memoriam

338 1770 446 1832 eidem
554 1769 692 1832 fecimus
717 1769 895 1832 liberaliter
919 1773 1091 1852 assignari.
1116 1769 1240 1832 Actum
1265 1778 1299 1830 et
1322 1768 1437 1830 datum
1463 1777 1524 1828 etc.

444 1925 505 1980 Fol.
525 1931 558 1978 24
580 1927 603 1979 ἐ.
626 1931 685 1990 157,
705 1927 749 1978 tei
769 1943 787 1978 v
808 1927 945 1992 rulropise
965 1927 1095 1995 kapituly
1110 1926 1233 1980 Praiske
1246 1924 1260 1992 J
1275 1923 1320 1976 40h
1341 1923 1388 1977 iol.
1402 1929 1463 1976 271.
1483 1923 1509 1976 O
1530 1923 1786 1992 chronologickern

336 2015 468 2068 omezeni
487 2016 588 2068 rokern
610 2019 680 2070 1290
699 2030 775 2068 srov.
796 2017 875 2068 tivod
895 2015 919 2067 ΙΙ
939 2019 962 2067 3.

449 2139 467 2207 ¹)
488 2139 620 2209 Nejspise
641 2139 773 2193 Vitovice
794 2157 812 2192 u
833 2123 916 2192 ῥεῖν.
935 2123 1050 2193 Retico.

1032 2431 1103 2492 158.

338 2569 463 2652 Biskup
485 2570 601 2633 Tobia'l
622 2571 771 2654 nar'r'zuse
794 2573 832 2635 R.
857 2570 1017 2634 dlkanooi
1036 2569 1293 2646 Kourimske‘mu,
1316 2571 1378 2650 aby
1396 2590 1431 2632 se
1449 2571 1522 2651 usal
1534 2569 1663 2650 sardic,
1672 2571 1788 2652 semus?

336 2699 370 2739 se
393 2677 489 2740 klade
512 2699 552 2739 zo
576 2679 656 2740 vinu
678 2679 780 2741 aabitz'
792 2678 949 2761 Jokdlzosr'
970 2677 1098 2758 chlapce
1121 2699 1141 2737 a
1156 2681 1271 2758 Jemuz'
1295 2681 1477 2758 patronati!
1504 2677 1603 2742 bra'nz'
1629 2698 1650 2740 v
1673 2679 1788 2740 drz'eni

947 2784 1069 2846 kostela
1083 2785 1172 2866 seha.

1396 2890 1678 2974 (ram-rami).

429 3034 617 3113 Episcopus
642 3035 779 3096 mandat
803 3036 942 3110 decano,
968 3046 1003 3095 ut
1028 3053 1095 3096 non
1121 3036 1327 3108 permitteret
1350 3055 1487 3116 gravare
1513 3037 1693 3114 plebanum

608 3144 786 3220 quendam,
812 3145 864 3202 cui
888 3137 1031 3203 occisios
1052 3145 1186 3220 ponitur
1210 3143 1384 3204 cuiusdam
1408 3145 1511 3220 pueri.

447 3279 647 3364 TholbiasJ⁸
678 3283 732 3346 dei
766 3293 828 3346 etc.
861 3282 985 3344 dilecto
1019 3286 1050 3344 in
1083 3280 1215 3346 Christo
1247 3285 1313 3346 filio
1346 3280 1401 3345 Rl‘
1433 3286 1561 3347 decano
1594 3281 1788 3349 Curimeusii

339 3391 481 3453 salutem
501 3391 532 3452 in
554 3392 700 3452 domino.
723 3391 928 3452 Discrecioni
952 3401 1009 3452 tue
1034 3391 1233 3453 mandamus
1256 3393 1319 3453 sub
1344 3411 1431 3471 pena
1455 3385 1623 3454 canonical
1651 3391 1789 3456 firmiter

335 3512 370 3560 et
404 3517 573 3578 expresse,
605 3509 769 3577 quatenus
801 3493 1045 3578 negocium..l
1075 3499 1260 3575 presbyteri
1297 3499 1428 3577 plebani
1460 3501 1503 3562 de
1522 3548 1527 3561 .
1546 3548 1563 3577 .,
1587 3501 1788 3562 exhibitoris

338 3606 556 3683 presencium,
581 3613 680 3683 prout
704 3607 735 3666 in
761 3609 883 3666 nostris
909 3605 1008 3666 literis
1032 3600 1168 3666 videris¹
1199 3607 1369 3684 contineri,
1393 3608 1425 3668 in
1442 3605 1582 3668 ecclesia
1606 3607 1698 3670 de..
1722 3609 1788 3670 iam

339 3711 503 3792 prehibita
527 3712 738 3791 publicando,
764 3723 926 3790 patronos
950 3711 1054 3790 ipsius
1074 3713 1214 3775 ecclesie
1239 3734 1282 3774 ex
1307 3725 1401 3791 parte
1425 3724 1539 3775 nostra
1564 3713 1698 3776 ilectere
1720 3735 1786 3776 non

340 3821 507 3894 obmittaS‚
547 3831 583 3880 ut
619 3819 679 3897 ipsi
714 3821 859 3880 eundem
896 3821 1128 3900 presbyterum
1164 3822 1348 3898 predictam
1385 3821 1559 3883 ecclesiam
1594 3823 1789 3900 permittant

340 3927 442 3988 libere
474 3935 507 3988 et
538 3925 675 4004 pacifice
707 3925 890 4004 possidere,
927 3928 957 3986 in
989 3925 1081 3987 nullo
1113 3947 1189 3990 eum
1223 3928 1355 4007 penitus
1390 3929 1616 4008 molestantes,
1652 3927 1788 4006 fortuito

341 4053 430 4107 casu,
447 4036 505 4113 qui
520 4033 581 4094 sibi
598 4033 741 4094 obicitur
753 4052 852 4111 super
867 4033 1061 4094 occisionem
1079 4034 1252 4096 cuiusdam
1269 4039 1372 4112 pueri,
1391 4037 1521 4116 penitus
1538 4055 1606 4098 non
1623 4037 1789 4112 obstante,

341 4141 487 4220 alioquin
512 4153 673 4218 patronos
698 4141 835 4202 eosdem
853 4140 896 4202 ad
913 4141 948 4202 id
965 4141 1155 4202 monicione
1179 4144 1342 4220 premissa
1364 4161 1422 4221 per
1439 4161 1614 4204 censuram
1631 4141 1788 4205 ecclesia-

341 4249 458 4309 sticam
490 4246 692 4327 compellere
723 4265 791 4307 non
824 4248 993 4323 obmittas,
1025 4250 1051 4309 si
1077 4246 1238 4327 prefatam
1271 4267 1391 4329 penam
1416 4251 1613 4310 canonicam
1645 4251 1790 4312 volueris

341 4356 474 4418 evitare.
500 4353 626 4416 Datum
651 4365 713 4414 etc.

449 4509 510 4564 Fol.
529 4515 561 4563 24
583 4508 606 4563 t.
628 4513 687 4572 158,
707 4509 751 4562 tei
766 4527 782 4560 v
796 4511 935 4578 rulropise
955 4511 1085 4581 kapituly
1104 4513 1227 4566 Praiske
1240 4513 1253 4581 J
1268 4511 1315 4566 40⁵
1335 4513 1382 4566 iol.
1403 4507 1474 4567 255‘.
1494 4512 1521 4568 Ο
1534 4513 1790 4583 chronologickem

342 4600 474 4652 omezeni
494 4600 594 4652 rolrem
617 4603 684 4652 1290
704 4614 779 4653 srov.
800 4600 878 4653 tivod
898 4601 922 4652 ll
942 4605 963 4654 3.

449 4781 477 4845 a)
492 4779 571 4838 ,talis‘
589 4777 658 4845 Kap.
671 4777 691 4844 J.
717 4806 744 4814 -
766 4776 795 4846 b)
815 4777 853 4830 Za
872 4778 982 4831 slovem
1004 4781 1205 4846 ,pertinenciis‘
1226 4796 1243 4831 v
1262 4780 1300 4832 ln.
1321 4780 1435 4850 chybne
1454 4781 1525 4847 oper
1544 4781 1632 4844 ,aliis,‘
1651 4777 1717 4833 bud’
1732 4781 1789 4833 ceti

343 4869 421 4937 pisai
447 4869 551 4934 §paine
579 4867 682 4935 nejalre
706 4868 810 4934 Jmeno.
830 4867 887 4920 neb
917 4869 989 4930 ,tali‘.
1021 4898 1050 4906 -
1079 4869 1105 4937 c)
1132 4870 1307 4930 ‚exhibitam¹
1333 4869 1381 4932 ln..
1405 4871 1580 4929 ,exhibitori‘
1606 4869 1679 4937 Kap.
1701 4869 1723 4938 J.
1755 4899 1788 4908 -

342 4955 373 5026 d)
394 4956 574 5018 ,inducimus‘
593 4955 641 5016 ln.,
668 4955 795 5018 ,inducti
816 4954 888 5023 Kap.
902 4956 923 5024 J.
950 4985 982 4994 -
1009 4957 1037 5024 e)
1063 4959 1107 5021 ,ab
1132 4957 1237 5010 eodem
1324 4959 1472 5026 pragensis
1497 4957 1644 5025 ponderis‘
1674 4959 1790 5028 chybne

343 5045 517 5113 piestaveno
542 5061 561 5097 v
580 5045 630 5102 ln..
649 5044 773 5110 spraivne
799 5061 816 5095 v
842 5041 908 5112 Kap
929 5045 950 5113 J.
978 5075 1009 5083 —
1031 5046 1059 5111 f)
1085 5046 1221 5110 ,occasio‘
1246 5044 1296 5108 In,
1323 5073 1355 5084 -
1376 5049 1404 5113 g)
1429 5047 1480 5115 ,Jo¹
1507 5046 1578 5115 Kap.
1591 5048 1613 5116 J.
1641 5077 1673 5086 -
1700 5049 1729 5101 hi
1750 5047 1782 5110 ,B

343 5135 414 5203 Kap.
428 5135 449 5204 J.
477 5163 508 5172 —
530 5135 549 5200 i)
577 5133 678 5187 Schazi
703 5149 721 5185 v
741 5133 811 5200 Kap.
825 5133 847 5202 J.
869 5163 900 5170 —
919 5135 940 5203 j)
958 5135 1261 5202 ,excomunicationis‘
1287 5128 1360 5201 Kap.
1372 5135 1395 5204 J.
1416 5165 1449 5174 -
1469 5138 1499 5202 lr)
1526 5137 1606 5205 ,J0h.·
1627 5137 1698 5204 Kap.
1711 5138 1734 5207 J.
1756 5167 1789 5176 -

344 5223 362 5290 l)
382 5225 513 5286 ,videres‘
534 5221 581 5284 ln,
602 5223 709 5276 videris
729 5222 800 5290 Kap.
814 5223 836 5291 J.
859 5251 888 5260 -
911 5225 950 5288 m)
965 5223 1137 5282 ,occasione
1157 5224 1227 5292 Kap.
1239 5223 1262 5290 J.
