4008 5846
917 431 951 480 39

902 646 957 708 43.

207 785 334 868 Biskup
379 784 410 849 T
406 784 498 849 abiet
533 785 706 868 rozkazuje
743 785 902 850 &kannei
932 786 1170 868 Beclyeskemu
1200 789 1249 864 B,
1279 788 1340 868 aby
1379 788 1440 851 dol
1474 787 1516 850 do
1549 786 1655 869 klarby

199 892 324 972 sardic
355 892 400 967 S„
431 892 520 974 ktny‘
551 913 587 956 se
616 893 802 955 nedostavil
829 894 870 955 do
893 893 1014 975 Prahy,
1038 895 1099 974 aby
1121 914 1154 956 se
1176 895 1371 975 aodpovz'dal
1386 895 1472 977 pied
1492 894 1655 976 biskupem

207 999 264 1062 neb
288 999 418 1081 dlkany
436 999 596 1078 Samky'm
610 1021 632 1062 a
654 1022 676 1062 u
699 1020 745 1063 sv.
767 1000 853 1082 Jiljz'
871 1021 908 1062 ae
929 1003 1121 1082 apronevlry
1144 1003 1325 1064 mlltamim
1342 1001 1521 1082 praesky'm
1545 1003 1588 1078 S..
1618 1001 1653 1064 0.

751 1127 774 1169 a
797 1107 835 1170 B.
859 1129 880 1168 a
894 1107 1012 1190 jiny'ch
1035 1109 1112 1170 vlcz‘.

1268 1193 1549 1281 (1279—1290r).

343 1339 533 1421 Episcopus
556 1360 576 1401 a
600 1339 766 1403 iudicibus
782 1339 943 1422 delegatis
958 1341 1137 1402 instructus
1161 1341 1299 1404 mandat
1323 1341 1461 1416 decano,
1485 1353 1522 1404 ut

390 1449 665 1511 excomunicaret
688 1441 816 1531 ill[um]‚
841 1451 899 1529 qui
923 1447 1028 1510 noluit
1051 1466 1165 1510 coram
1190 1447 1355 1510 iudicibus
1379 1456 1477 1510 stare.

315 1586 512 1672 Th(obias)·
535 1591 588 1652 dei
613 1593 726 1674 gracia
758 1590 933 1673 Pragensis
964 1593 1144 1670 episcopus
1168 1589 1293 1652 dilecto
1316 1587 1503 1653 inChristo
1527 1590 1594 1653 filio
1620 1590 1653 1652 B.

207 1698 340 1759 decano
373 1699 542 1777 provincie
573 1693 803 1761 Bechinensisb
824 1698 964 1760 salutem
996 1698 1030 1760 in
1054 1697 1199 1760 domino.
1247 1695 1329 1760 Cum
1354 1699 1419 1759 iam
1454 1697 1581 1759 dudum
1605 1695 1656 1760 S.⁰

208 1806 388 1884 plebanum
414 1806 456 1866 de
474 1854 480 1866 .
499 1850 506 1863 .
524 1805 567 1866 ad
592 1813 738 1868 nostram
771 1807 904 1868 evocari
935 1799 1127 1866 fecerimus‘1
1152 1805 1369 1884 presenciam,
1392 1813 1544 1866 octavam
1569 1806 1654 1883 puri·

207 1911 380 1974 licacionis
412 1913 545 1994 virginis
576 1911 720 1994 gloriose
752 1931 813 1990 pro
845 1912 987 1974 termino
1019 1911 1081 1972 sibi
1117 1911 1343 1990 peremptorio
1379 1913 1587 1994 assignantes
1621 1921 1655 1974 et

208 2020 409 2081 mandantes
434 2019 553 2096 eidem,
577 2028 614 2082 ut
640 2022 672 2081 in
696 2020 769 2099 ipsa
794 2028 913 2082 octava
937 2017 1041 2100 Prage
1066 2037 1179 2081 coram
1204 2019 1311 2094 nobie,
1336 2019 1362 2080 si
1386 2027 1466 2080 tunc
1484 2028 1654 2096 presentes

203 2144 355 2187 essemus
370 2126 504 2204 ibidem,
529 2125 607 2188 alias
623 2146 736 2188 coram
764 2125 911 2189 honestis
938 2127 1014 2188 viris
1038 2135 1071 2187 et
1089 2125 1238 2204 providis
1256 2125 1304 2187 P!
1320 2122 1495 2187 Saccensis
1523 2136 1556 2187 et
1572 2121 1616 2188 Sl
1627 2122 1652 2208 ¹)

206 2234 314 2295 sancti
340 2233 448 2315 Egidii
473 2235 690 2296 ecclesiarum
707 2235 851 2310 decanis
869 2233 1050 2314 capellanis
1067 2235 1198 2304 nostris,
1215 2232 1357 2295 fideliter
1373 2251 1467 2294 suam
1491 2233 1655 2294 exhibens

207 2339 427 2419 presenciam,
452 2339 604 2404 discretis
627 2341 703 2403 viris
728 2337 787 2416 Sss,
812 2339 852 2404 O.
869 2351 902 2403 et
919 2341 953 2402 B.
971 2340 1097 2402 civibus
1114 2333 1350 2422 Pragensibus¹¹
1370 2357 1469 2418 super
1497 2333 1654 2418 quadami

206 2448 352 2526 pecunie
384 2465 514 2510 summa
546 2447 612 2510 fide
644 2448 780 2510 mentita
813 2458 845 2509 et
878 2449 978 2510 rebus
1010 2447 1080 2508 aliis
1104 2447 1147 2508 ad
1171 2447 1313 2524 obiecta,
1338 2456 1437 2526 prout
1461 2448 1549 2508 racio
1574 2449 1654 2509 iuris

207 2553 364 2632 postulat,
389 2553 618 2634 responderet,
654 2564 688 2616 et
718 2557 795 2636 quia
820 2557 890 2636 ipse
922 2553 1036 2633 spiritu
1061 2554 1248 2617 rebellionis
1272 2561 1445 2632 assumpto
1469 2553 1501 2614 in
1526 2553 1655 2633 prelato

207 2664 351 2723 termino
376 2679 438 2722 nec
463 2680 577 2724 coram
601 2663 699 2724 nobis
722 2681 784 2724 nec
808 2682 921 2725 coram
939 2661 1120 2742 capellanis
1136 2661 1259 2724 nostris
1275 2660 1433 2741 predictis
1457 2662 1654 2742 comparuit,

206 2777 243 2828 ut
274 2768 425 2843 deberet,
454 2778 553 2849 prout
586 2769 650 2832 hoc
682 2769 771 2831 idem
796 2769 959 2849 capellani
983 2769 1086 2831 nostri
1110 2778 1187 2832 sunt
1210 2788 1324 2831 coram
1349 2768 1446 2830 nobis
1468 2767 1538 2828 vive
1562 2769 1654 2830 vocis

205 2875 346 2937 oraculo
370 2877 553 2956 protestati,
578 2895 649 2951 nos,
674 2876 750 2939 licet
767 2877 931 2956 prelatum
949 2863 991 2939 S)
1008 2877 1093 2939 sicut
1118 2875 1301 2958 quemlibet
1317 2874 1487 2936 subditum
1504 2883 1653 2938 nostrum

206 2983 407 3064 propensius
432 2983 616 3065 diligamus,
641 2983 799 3062 predictis
821 2993 934 3046 tamen
960 2983 1086 3046 civibus
1110 3002 1154 3044 ex
1179 2980 1281 3045 officii
1305 2984 1412 3044 nostri
1436 2982 1552 3044 debito
1582 3002 1651 3044 non

205 3089 354 3152 valentes
378 3091 412 3152 iu
435 3109 496 3153 suo
521 3094 593 3154 iure
617 3089 744 3168 deesse,
777 3091 1106 3154 excomunicacionis
1128 3089 1342 3163 sentenciam,
1366 3107 1467 3168 quam
1491 3089 1652 3168 sepedicti

204 3197 369 3275 capellani
399 3199 504 3260 nostri
536 3207 568 3259 et
599 3218 619 3258 a
655 3197 751 3260 nobis
783 3197 909 3260 iudices
947 3197 1090 3280 delegati
1135 3207 1252 3259 contra
1283 3197 1392 3276 ipsum
1433 3195 1481 3258 ΞΡ
1513 3207 1653 3276 propter

204 3304 308 3381 ipsius
340 3304 585 3366 contumaciam
617 3308 817 3366 auctoritate
848 3313 962 3366 nostra
994 3305 1056 3366 sibi
1079 3303 1204 3366 tradita
1228 3305 1396 3385 exigente
1416 3303 1544 3366 iusticia
1577 3323 1652 3382 pro·

204 3411 403 3493 mulgarunt,
427 3421 532 3473 ratam
558 3420 591 3472 et
606 3421 735 3493 gratam
752 3411 915 3473 habentes
932 3431 971 3474 ac
988 3430 1061 3472 eam
1079 3430 1123 3472 ex
1141 3421 1233 3472 certa
1248 3411 1392 3474 sciencia
1410 3409 1652 3486 confirmantes,

204 3517 403 3580 discrecioni
428 3527 486 3581 tue
510 3518 709 3581 mandamus
732 3518 763 3579 in
787 3521 906 3580 virtute
930 3517 1126 3580 obediencie
1158 3527 1192 3580 et
1222 3519 1285 3580 sub
1316 3538 1403 3599 pena
1427 3519 1653 3599 suspensionis

205 3627 248 3686 ab
280 3629 431 3708 ingressu
461 3626 601 3688 ecclesie
632 3625 770 3687 firmiter
801 3634 834 3686 et
866 3625 1025 3700 districte,
1061 3634 1226 3706 quatenus
1262 3626 1407 3688 eundem
1442 3623 1492 3688 S.c
1522 3624 1650 3686 tamdiu

204 3735 316 3798 eidem
347 3734 679 3797 excomunicacionis
704 3734 873 3796 sentencie
905 3735 937 3796 in
967 3735 1123 3796 omnibus
1147 3731 1332 3795 decanatus
1363 3733 1410 3795 tui
1442 3731 1589 3794 ecclesiis
1620 3741 1653 3794 et

205 3845 364 3922 precipue
387 3843 420 3905 in
438 3837 583 3919 Thinl‘2)
609 3851 642 3904 et
659 3835 824 3922 Malsicz³)
850 3850 883 3902 et
905 3840 974 3903 aliis
992 3840 1118 3903 eisdem
1143 3840 1225 3903 locis
1249 3839 1397 3902 ecclesiis
1421 3840 1650 3901 adiacentibus

203 3951 410 4013 denuncietis
435 3959 469 4012 et
492 3949 688 4012 denunciari
712 3948 840 4012 faciatis
869 3949 1053 4025 subiacere,
1077 3947 1217 4027 pulsatis
1241 3950 1413 4026 campanis
1443 3957 1477 4009 et
1500 3945 1650 4008 candelis

204 4060 362 4120 extinctis
385 4057 523 4138 singulis
547 4057 666 4120 diebus
698 4055 875 4118 dominicis
907 4063 941 4117 et
977 4054 1111 4132 festivis,
1140 4056 1249 4118 donec
1281 4051 1457 4117 sufficienti
1489 4056 1650 4115 caucione

206 4167 351 4244 prestita,
382 4163 425 4226 de
450 4165 511 4226 iuri
536 4163 686 4243 parendo
711 4181 824 4225 coram
856 4161 1016 4240 predictis
1047 4161 1208 4244 delegatis
1244 4161 1365 4224 nostris
1408 4159 1572 4222 iudicibus
1608 4162 1651 4222 ab

204 4273 285 4350 ipsis
310 4273 343 4332 in
367 4271 475 4333 forma
498 4270 641 4333 ecclesie
665 4270 816 4332 obtineat
839 4288 874 4331 se
900 4269 1036 4332 absolvi.
1062 4265 1262 4350 Quicunque
1285 4277 1397 4330 autem
1422 4270 1454 4328 in
1481 4267 1545 4329 hoc
1569 4287 1649 4330 casu

205 4379 506 4441 denunciacionem
520 4379 704 4457 predictam
718 4375 761 4438 ad
776 4375 971 4438 mandatum
982 4385 1077 4437 tuum
1090 4395 1156 4438 non
1167 4373 1288 4449 lecerit,
1301 4373 1429 4437 eumad
1444 4373 1477 4435 id
1492 4392 1550 4452 per
1563 4375 1650 4437 simi·

205 4487 268 4548 lem
290 4485 619 4548 excomunicacionis
644 4485 849 4547 sentenciam
874 4481 1078 4561 compellere
1098 4501 1165 4544 non
1186 4483 1352 4544 obmittas.
1371 4480 1494 4543 Datum
1509 4478 1650 4563 Pralgel.

311 4623 371 4678 Fol.
393 4631 407 4676 7
427 4624 450 4677 ὅ.
471 4629 513 4688 43,
532 4625 578 4678 tei
597 4640 615 4676 v
635 4623 772 4693 rukopise
791 4622 922 4691 kapituly
942 4621 1064 4675 Praiske
1083 4619 1097 4688 J
1116 4618 1163 4673 40»
1183 4619 1230 4676 iol.
1250 4625 1310 4675 25⁴.
1348 4619 1374 4674 Ο
1394 4619 1649 4689 chronologickem

203 4715 335 4768 omezeni
353 4715 455 4767 rokem
477 4717 544 4767 1290
563 4728 640 4766 stov.
660 4713 739 4766 rivod
758 4711 827 4766 11³.

315 4841 334 4908 ι)
354 4837 437 4893 Srov.
456 4853 539 4906 pozn.
560 4854 578 4890 u
598 4837 621 4891 ὅ.
642 4843 685 4890 40.
706 4866 739 4875 -
762 4837 783 4902 ¹)
805 4837 868 4908 Tyn
888 4853 915 4891 n.
936 4835 1070 4890 Vltavou.
1092 4864 1123 4873 —
1146 4833 1167 4892 'l
1188 4833 1306 4888 Maldice
1324 4851 1343 4887 u
1363 4833 1505 4904 Bechyne

312 4999 339 5066 a)
359 4999 418 5068 ,Jo‘
438 4999 509 5067 Kap.
522 4999 544 5068 J.
564 5027 598 5038 -
618 4998 647 5065 b)
667 4997 750 5059 ,talis¹
769 4997 842 5065 Kap.
854 4997 877 5066 J.
898 4979 976 5060 —cl
995 4996 1041 5060 ‚M‘
1062 4995 1134 5064 Kap.
1149 4994 1172 5064 J.
1193 5024 1225 5033 -
1246 4995 1277 5064 d)
1296 4993 1477 5058 ,feceramus‘
1496 4995 1544 5057 ln,
1564 4993 1648 5056 ‚fece-

204 5089 303 5142 rimus‘
322 5088 428 5156 Kapl.
454 5117 488 5127 -
514 5089 540 5154 e)
561 5087 691 5156 ,B‘'Kap.
705 5087 727 5156 J.
754 5116 787 5126 -
813 5087 899 5154 hle
920 5087 993 5153 Kap.
1006 5085 1029 5154 J.
1057 5113 1088 5125 -
1114 5087 1142 5155 g)
1162 5086 1201 5150 ,B.
1221 5092 1252 5139 et
1271 5084 1311 5140 C.‘
1330 5083 1402 5152 Kap.
1416 5083 1438 5152 J.
1465 5113 1498 5122 -
1525 5085 1553 5149 h)
1573 5084 1649 5149 ‚Pra-

204 5179 308 5247 gensis‘
329 5177 366 5232 ln.
394 5206 428 5217 —
453 5179 473 5245 i)
494 5177 650 5246 ,quandam
670 5191 733 5245 pec.
753 5181 903 5231 summam·
924 5175 961 5229 ln.
982 5204 1015 5214 -
1033 5177 1055 5245 j)
1074 5175 1120 5238 ,Μ.
1141 5175 1187 5228 M.‘
1208 5175 1278 5241 Kap.
1298 5174 1321 5243 J.
1348 5202 1380 5212 -
1401 5175 1432 5240 k)
1452 5173 1510 5240 ,tali
1530 5173 1596 5226 loco
1615 5188 1649 5226 ac

204 5267 276 5320 aliis‘
297 5267 368 5335 Kap.
381 5267 402 5337 J.
