4008 5846
901 409 934 458 31

196 620 335 684 ecclesie
368 642 427 683 sue
464 623 625 703 premisse
662 622 762 684 iidem
794 642 927 685 servare
951 623 983 683 in
1007 630 1145 698 tantum,
1180 620 1272 702 quod
1297 628 1412 682 contra
1448 621 1517 682 eius
1540 621 1640 682 bene-

197 727 354 807 placitum
386 748 454 791 non
480 729 643 792 debemus
675 749 737 791 nec
761 728 914 791 volumus
949 729 1132 806 predictam
1165 729 1389 790 municionem
1416 737 1528 789 nostre
1553 746 1642 788 com-

197 837 389 898 mendatam
413 835 493 899 fidei
517 845 551 898 et
567 836 780 898 commissam
805 855 863 916 per
887 855 949 898 nos
972 844 1030 898 aut
1047 834 1189 916 aliquem
1214 835 1314 897 alium
1338 833 1389 896 vel
1413 835 1496 896 alios
1520 833 1641 910 aliqua·

195 953 291 1003 tenus
316 941 384 1004 ullo
408 961 569 1023 umquam
589 953 741 1020 tempore
770 943 922 1018 retinere,
946 942 1005 1004 sed
1023 942 1066 1003 ad
1084 943 1187 1020 ipsius
1203 941 1468 1022 requisicionem,
1493 941 1641 1020 quando-

196 1069 326 1129 cunque
359 1050 455 1111 nobis
487 1047 573 1112 lacta
605 1047 702 1111 fuerit
734 1068 793 1127 per
816 1049 925 1129 ipsum
954 1061 1012 1111 aut
1043 1049 1186 1128 aliquem
1219 1056 1346 1110 certum
1379 1049 1536 1111 nuncium
1572 1048 1642 1107 eius

194 1175 252 1217 seu
278 1155 414 1232 litteras,
435 1176 509 1219 eam
533 1175 611 1218 cum
635 1158 791 1220 omnibus
815 1157 882 1220 suis
907 1155 1128 1236 pertinenciis,
1153 1156 1249 1217 nobis
1273 1163 1307 1216 et
1330 1157 1453 1216 nostris
1478 1153 1640 1224 fidelibus

197 1272 296 1342 prout
320 1273 372 1326 est
402 1263 623 1342 prehabitum‚
655 1265 837 1346 assignatis,
868 1265 900 1327 in
924 1283 1043 1326 manus
1073 1263 1175 1342 ipsius
1207 1263 1333 1324 domini
1365 1257 1561 1343 (episcopi)⁸
1583 1270 1641 1321 aut

196 1371 291 1448 illius,
316 1372 370 1432 cui
393 1371 466 1449 ipse
490 1370 554 1433 hoc
579 1371 713 1433 duxerit
741 1371 1029 1444 committendum,
1053 1372 1123 1432 sine
1147 1369 1258 1449 aliqua
1282 1373 1331 1430 ira
1348 1378 1407 1431 aut
1430 1361 1642 1431 difficultateb

196 1489 228 1540 et
252 1497 347 1540 more
371 1479 549 1540 cuiuslibet
565 1478 749 1552 obstaculo,
774 1488 931 1556 prompto
956 1481 1070 1541 animo
1087 1477 1214 1557 absque
1236 1475 1346 1556 aliqua
1370 1474 1642 1538 contradiccione

197 1586 447 1666 resignabimus,
471 1595 508 1647 ut
531 1585 704 1648 debemus.
744 1581 779 1646 Si
803 1604 882 1646 vero
908 1585 996 1647 idem
1027 1584 1183 1646 dominus
1208 1585 1397 1663 episcopus,
1428 1583 1521 1663 quod
1545 1581 1641 1644 absit.

196 1693 308 1755 medio
332 1701 486 1772 tempore
502 1696 588 1754 viam
606 1696 758 1755 universe
782 1693 891 1754 carnis
906 1695 1073 1773 ingressus
1090 1688 1196 1768 luerit,
1219 1691 1251 1752 in
1269 1690 1332 1752 hoc
1349 1709 1437 1764 casu,
1463 1692 1490 1751 si
1513 1688 1641 1750 tamdiu

196 1800 339 1862 eandem
371 1800 595 1863 municionem
620 1800 869 1880 possederimus
894 1799 936 1861 ab
960 1801 1042 1878 ipso,
1075 1795 1327 1860 honorabilibus
1359 1796 1437 1858 viris
1462 1796 1643 1874 preposito,

196 1908 328 1970 decano
353 1917 387 1968 et
410 1909 556 1987 capitulo
581 1908 772 1986 supradicte
797 1906 971 1988 Pragensis
995 1905 1145 1979 ecclesie,
1178 1904 1220 1965 ad
1246 1922 1346 1984 quam
1371 1903 1490 1964 eadem
1515 1909 1645 1981 spectat

196 2017 353 2088 municio,
385 2033 485 2094 quam
510 2017 617 2093 primo
641 2017 712 2077 eius
744 2015 856 2076 obitus
881 2013 925 2076 ad
949 2012 1105 2075 noticiam
1136 2021 1285 2072 nostram
1308 2013 1506 2090 pervenerit,
1537 2013 1643 2072 muni·

197 2121 327 2183 cionem
353 2123 460 2199 ipsam
493 2139 568 2184 cum
593 2125 662 2184 suis
686 2121 842 2183 omnibus
866 2121 1054 2182 attinenciis
1089 2120 1324 2198 suprascriptis
1349 2117 1588 2197 resignabimus
1611 2125 1644 2178 et

196 2228 355 2309 resignari
371 2229 518 2290 totaliter
533 2229 604 2289 sine
621 2228 786 2290 dilacione
802 2227 952 2309 qualibet
976 2226 1142 2288 iaciemus.
1169 2225 1211 2287 Et
1229 2225 1293 2286 hoc
1311 2227 1419 2304 ipsum
1436 2224 1506 2285 fieri
1531 2224 1642 2296 debet,

197 2337 222 2396 si
247 2335 466 2413 permissione
491 2335 602 2396 divina
627 2333 833 2414 possidendo
858 2336 1083 2396 municionem
1108 2331 1197 2394 illam
1222 2351 1283 2394 nos
1307 2330 1421 2394 debita
1447 2332 1554 2393 carnis
1578 2331 1642 2392 sol·

196 2462 270 2504 vere
296 2442 522 2504 debuerimus.
563 2442 755 2523 Antequam
786 2442 907 2504 eadem
938 2440 1051 2503 debita
1083 2439 1311 2518 persolvamus
1335 2446 1369 2498 et
1392 2437 1496 2499 multo
1522 2437 1639 2519 magisc

197 2559 273 2629 post
287 2549 416 2611 obitum
441 2559 592 2611 nostrum
614 2552 761 2612 municio
793 2550 866 2628 ipsa
898 2547 942 2610 ad
967 2547 1109 2627 predicti
1140 2539 1267 2609 domini
1292 2546 1451 2625 episcopi,
1476 2547 1504 2607 si
1528 2563 1641 2623 super-

196 2657 325 2732 vixerit,
357 2655 438 2717 alias
468 2655 510 2718 ad
536 2656 710 2739 Pragensis
739 2657 880 2719 ecclesie
911 2655 1082 2735 sepedicte
1114 2653 1216 2716 debet
1251 2653 1358 2716 redire
1393 2653 1641 2733 possessionem

197 2773 230 2826 et
263 2763 452 2825 dominium
489 2763 616 2843 absque
646 2763 758 2844 aliquo
794 2765 932 2846 pignore
967 2772 1000 2824 et
1035 2779 1185 2843 expensa
1219 2759 1345 2824 ibidem
1380 2761 1531 2839 impensa
1567 2777 1641 2837 pro-

196 2872 282 2932 tinus
314 2871 389 2948 ipso
414 2869 512 2946 lact0,
547 2872 593 2934 ita
625 2871 716 2951 quod
742 2875 809 2934 sive
841 2870 1023 2932 voluntarie
1055 2873 1124 2932 sive
1156 2869 1198 2931 ad
1223 2867 1479 2950 requisicionem
1515 2867 1642 2928 domini

196 2980 346 3058 episcopi
382 2980 497 3056 sepius
533 2981 693 3040 nominati
728 2979 952 3041 municionem
988 2971 1245 3058 resignabimusd
1279 2986 1312 3037 et
1351 2975 1509 3057 resignari
1544 2973 1643 3036 facie-

198 3104 269 3146 mus
293 3082 448 3158 eandem,
482 3087 551 3148 sive
575 3085 608 3146 in
640 3086 712 3148 aliis
743 3086 877 3148 duobus
902 3085 1035 3147 casibus
1066 3087 1130 3145 iarn
1163 3082 1322 3162 predictis
1353 3081 1472 3142 eadem
1497 3083 1642 3162 resigna-

197 3195 249 3254 cio
274 3190 363 3254 sacta
389 3191 496 3268 luerit,
527 3193 579 3254 vel
603 3197 631 3256 si
653 3193 802 3256 municio
832 3191 886 3254 illa
911 3201 988 3272 post
1012 3201 1163 3253 nostrum
1195 3191 1323 3256 obitum
1349 3190 1391 3251 ad
1417 3191 1559 3268 pretacti
1583 3187 1643 3248 do-

197 3300 277 3362 mini
302 3309 337 3362 et
361 3299 502 3362 ecclesie
518 3300 686 3364 antedicte
711 3301 959 3377 possessionem
984 3307 1017 3362 et
1033 3298 1220 3360 dominium
1245 3299 1320 3376 ipso
1337 3295 1437 3373 facto,
1461 3287 1549 3357 sicut
1571 3312 1643 3373 pre-

198 3408 355 3482 misimus,
373 3405 472 3470 fuerit
488 3407 654 3483 devoluta,
670 3407 817 3488 quelibet
832 3410 991 3487 impense,
1016 3408 1044 3468 si
1061 3424 1126 3486 que
1143 3423 1202 3482 per
1218 3423 1280 3468 nos
1297 3414 1354 3465 aut
1369 3411 1503 3465 nostros
1518 3401 1644 3464 ibidem

198 3513 284 3576 lacte
309 3513 433 3576 fuerint
448 3517 571 3583 nostris
594 3515 802 3594 temporibus
817 3515 849 3575 in
867 3513 1104 3576 melioracione
1129 3519 1162 3574 et
1177 3509 1419 3573 fortificacione
1444 3509 1644 3572 municionis

196 3623 300 3701 ipsius
325 3641 364 3683 ac
389 3620 495 3697 alias,e
540 3623 601 3701 ipsi
641 3622 779 3683 domino
810 3624 972 3700 episcopo
1004 3629 1038 3682 et
1069 3619 1225 3702 Pragensi
1258 3617 1397 3679 ecclesie
1427 3636 1496 3679 non
1520 3615 1644 3678 debent

143 3741 147 3758 ·
197 3729 406 3810 aliquatenus
431 3732 628 3808 computari,
660 3729 737 3810 quia
762 3729 923 3790 transient
946 3739 979 3790 et
1002 3730 1142 3790 transire
1166 3726 1293 3788 debent
1324 3743 1399 3786 curn
1433 3724 1645 3786 universitate

197 3837 239 3898 ad
256 3839 367 3917 ipsum
384 3837 557 3898 dominum
574 3836 771 3916 episcopum
788 3843 821 3897 et
837 3836 939 3915 ipsius
954 3837 1132 3898 ecclesiam
1149 3832 1366 3913 sepedictam.
1391 3830 1519 3912 Fruges
1544 3830 1643 3892 etiam

197 3944 342 4020 yemales
367 3952 400 4005 et
423 3943 578 4006 estivales
603 3944 691 4006 curie
716 3943 917 4024 episcopalis
953 3943 1035 4005 in..
1060 3951 1205 4022 quatuor
1221 3948 1436 4013 araturarum,
1460 3938 1558 4000 nobis
1582 3955 1642 4017 pro

195 4051 353 4114 iamdicte
384 4051 583 4112 municionis
614 4051 768 4113 custodia
799 4051 968 4130 deputate,
1004 4051 1090 4112 sicut
1125 4049 1168 4111 de
1204 4047 1284 4125 ipsis
1309 4063 1370 4108 nos
1394 4045 1642 4120 intromisimus,

197 4159 349 4238 exceptis
373 4157 572 4220 animalibus
603 4158 827 4238 predictarum
852 4168 1070 4233 araturarum,
1102 4155 1373 4236 quandocunque
1397 4171 1460 4214 nos
1485 4151 1643 4214 municio-

197 4285 272 4328 nem
296 4267 404 4344 ipsam
428 4259 639 4327 desierimuss
665 4265 845 4345 possidere,
877 4265 921 4326 ad
946 4264 1072 4326 domini
1096 4263 1199 4342 ipsius
1224 4260 1374 4340 episcopi
1399 4259 1585 4321 dominium
1609 4269 1643 4320 et
1721 4275 1723 4278 ·

197 4374 372 4456 Pragensis
402 4371 543 4435 ecclesie
568 4373 791 4450 pertinebunt,
827 4371 912 4433 sicut
945 4371 1007 4433 hec
1031 4371 1141 4432 omnia
1175 4379 1208 4431 et
1232 4367 1362 4451 singula
1386 4385 1446 4446 per
1468 4366 1643 4446 interposi-

197 4483 327 4544 cionem
351 4489 465 4542 nostre
497 4479 658 4543 manualis
689 4477 777 4554 fidei,
809 4497 909 4560 quam
934 4497 997 4541 nos
1021 4477 1204 4558 prestitisse
1236 4473 1385 4548 latemur,
1417 4483 1493 4535 sunt
1516 4475 1643 4534 munita

196 4599 228 4651 et
251 4589 389 4650 firmiter
414 4586 572 4648 roborata
589 4605 703 4649 coram
719 4586 860 4648 testibus
876 4585 1026 4661 ydoneis,
1050 4585 1106 4664 qui
1129 4592 1302 4664 presentes
1326 4581 1474 4655 aderant,
1498 4598 1641 4660 quorum

197 4697 331 4758 nomina
356 4695 418 4756 hiis
441 4693 612 4755 vocabulis
644 4695 856 4756 continentur
881 4693 990 4754 taliter
1013 4699 1047 4753 et
1069 4690 1181 4753 taliter
1205 4705 1253 4750 oc.
1293 4689 1329 4750 ln
1353 4690 1450 4750 cuius
1473 4689 1519 4749 rei
1548 4689 1638 4749 testi-

197 4803 344 4866 monium
378 4819 517 4881 presens
541 4801 699 4882 scriptum
724 4801 794 4862 lieri
817 4802 993 4881 ipsumque
1026 4807 1167 4880 utroque
1191 4797 1297 4878 sigillo
1327 4806 1443 4858 nostro
1468 4794 1585 4857 maiori
1609 4802 1643 4854 et

303 5073 331 5133 a)
351 5064 505 5133 Doplneno
524 5065 573 5116 dle
592 5063 664 5130 Kap.
675 5063 698 5130 J.
719 5091 751 5101 -
777 5064 807 5130 b)
826 5063 1022 5128 ,difficultatis‘
1041 5061 1089 5126 ln,
1109 5060 1295 5123 ,difficultate‘
1315 5059 1388 5127 Kap.
1399 5060 1422 5128 J.
1451 5089 1474 5096 —
1508 5057 1535 5125 c)
1555 5058 1643 5122 ,mais‘

196 5157 234 5210 ln.
257 5185 286 5195 -
308 5156 339 5226 d)
360 5153 616 5224 ‚resignemus·1n.‚
637 5153 855 5222 ,resignabimus
884 5152 955 5222 Kap.
973 5151 996 5220 J.
1016 5181 1048 5191 -
1069 5155 1097 5220 e)
1117 5153 1197 5220 ,aliis¹
1222 5150 1260 5203 ln.
1288 5178 1320 5188 —
1343 5149 1366 5206 sl
1395 5149 1569 5212 ‚desierium,
1595 5147 1643 5211 ln.,

198 5246 386 5306 ,desierimus¹
408 5241 514 5312 Kap.J,
