3968 5848
1011 423 1063 471 140

312 637 416 700 virum
448 637 640 718 magistrum
666 633 917 720 R(apot0nem),
942 639 1100 700 nuncium
1133 645 1167 697 et
1198 633 1407 715 capellanum
1439 644 1599 710 nostrum,
1632 633 1761 696 exhibi-

311 753 418 806 torem
440 746 660 825 presencium,
678 745 721 807 ad
738 755 846 808 vestre
863 747 1074 826 paternitatis
1094 743 1312 806 clemenciam
1331 745 1600 820 transmittentes,
1618 742 1761 822 petimus

313 851 531 926 confidenter,
548 859 714 932 quatenus
736 851 832 914 dictis
856 857 928 915 eius
952 853 985 914 in
1010 851 1082 925 hiis,
1099 869 1164 930 que
1189 851 1260 930 ipse
1285 870 1329 912 ex
1353 859 1449 930 parte
1473 851 1578 911 nostri
1598 850 1630 910 in
1651 857 1761 911 vestra

312 961 525 1039 proposuerit
545 958 717 1038 presencia
735 959 807 1020 viva
824 979 915 1033 voce,
936 958 1037 1021 fidem
1058 957 1229 1020 credulam
1249 957 1412 1020 adhibere
1433 957 1622 1040 dignemini,
1643 975 1762 1036 preces

314 1075 456 1142 nostras,
490 1085 573 1145 quas
605 1085 664 1143 per
696 1069 805 1145 ipsum
837 1067 1065 1129 dominacioni
1097 1077 1206 1128 vestre
1238 1068 1448 1147 porrigimus,
1481 1063 1590 1126 taliter
1622 1063 1759 1126 exaudi·

312 1174 419 1235 cionis
442 1176 577 1256 graciea
600 1174 826 1250 admittentes,
850 1174 941 1256 quod
966 1175 1062 1235 vobis
1094 1173 1270 1256 regraciari
1299 1191 1365 1233 non
1390 1172 1557 1234 immerito
1580 1171 1761 1234 valeamus.

313 1280 438 1344 Datum
462 1292 524 1344 etc.

421 1436 480 1492 Fol.
501 1437 544 1490 27¹
564 1437 588 1490 ἐ.
609 1441 668 1492 176.
689 1438 835 1508 ,Magister
853 1438 886 1491 R.
907 1439 1030 1490 nuncius
1054 1443 1084 1490 et
1102 1437 1269 1504 capellanus
1293 1441 1402 1490 noster‘
1422 1435 1489 1488 neni
1514 1434 1604 1488 nikdo
1627 1433 1688 1503 jiny
1707 1433 1760 1486 nei

312 1527 425 1594 Rapota
444 1525 530 1596 (srov.
551 1527 574 1580 ἐ.
594 1533 637 1593 21,
658 1531 692 1578 22
711 1543 728 1582 a
748 1527 801 1596 77).
839 1525 954 1580 Poslani
979 1531 1043 1578 toto
1067 1525 1138 1578 hodi
1156 1539 1188 1578 se
1209 1525 1301 1578 doble
1326 1525 1365 1577 do
1391 1540 1413 1577 r.
1434 1527 1503 1577 1287
1523 1523 1581 1575 neb
1602 1524 1679 1584 1288,
1700 1521 1760 1589 kdy

312 1616 419 1682 biskup
439 1615 548 1670 Tobias
566 1630 597 1668 se
617 1616 718 1670 obraci
743 1616 837 1684 piirno
863 1617 900 1668 ke
925 1616 999 1668 kurii
1018 1630 1036 1664 v
1055 1613 1213 1668 zalelitosti
1238 1615 1402 1681 prokurece
1426 1613 1521 1682 legata
1539 1612 1609 1682 Jana
1634 1611 1760 1678 biskupa

312 1703 522 1759 Tusculslrtho.
543 1705 636 1775 (Srov.
657 1705 702 1757 tei
721 1705 745 1759 ὅ.
765 1705 820 1772 61.)
1520 1717 1522 1720 ·

1000 2013 1072 2073 177.

311 2153 437 2234 Biskup
468 2153 584 2217 Tobidr
613 2155 704 2216 ddrra'
730 2155 854 2220 Janovz'
875 2154 1002 2235 opatovi
1031 2175 1053 2216 v
1076 2154 1223 2218 Pomuku
1251 2154 1352 2236 plnou
1376 2173 1443 2216 mor
1473 2151 1633 2234 apovz'dar,
1657 2149 1763 2213 udz'let

383 2261 542 2344 odpustky
564 2283 586 2324 a
609 2283 630 2324 v
653 2261 794 2342 urriry'ch
813 2261 993 2343 pilpaderlr
1017 2263 1142 2324 snr'mat
1163 2261 1275 2324 klatbu
1298 2283 1315 2322 s
1339 2257 1690 2340 exkomunr'kovany‘clz.

1321 2417 1426 2504 (1279
1445 2454 1490 2465 -
1515 2419 1649 2502 raros).

379 2563 569 2646 Episcopus
594 2565 708 2628 abbati
732 2566 790 2627 dat
814 2565 1056 2640 auctoritatem,
1081 2566 1218 2645 quando
1250 2565 1341 2627 solus
1373 2566 1521 2627 celebrat
1545 2566 1690 2637 missam,

531 2673 612 2734 dare
637 2671 699 2736 XL
722 2673 796 2736 dies
820 2672 1038 2753 indulgencie,
1062 2672 1337 2754 quandocunque
1361 2667 1535 2734 celebrat.b

418 2811 623 2896 Thlobias)c
646 2815 700 2876 dei
724 2817 836 2898 gracia
861 2816 1035 2898 Pragensis
1059 2817 1240 2896 episcopus
1272 2818 1435 2877 universis
1459 2813 1580 2878 Christi
1604 2812 1759 2876 fidelibus

311 2931 425 2984 nostre
450 2924 591 2985 civitatis
616 2931 650 2984 et
674 2923 828 3000 dyocesis
858 2921 998 2984 salutem
1023 2924 1054 2982 in
1079 2922 1219 2985 domino
1244 2926 1493 3001 sempiternam.
1542 2919 1760 2983 Honorabilis

309 3033 368 3091 viri
407 3027 533 3092 domini
573 3028 733 3109 johannis
771 3031 904 3091 abbatis
950 3031 993 3093 de
1032 3024 1188 3092 Pomukd
1227 3041 1340 3092 nostre
1386 3031 1544 3108 dyocesis
1583 3030 1759 3108 peticionis

311 3137 507 3199 instanciam
533 3137 655 3199 affectu
681 3136 835 3198 benivolo
857 3147 1108 3217 prosequentes,
1124 3139 1218 3200 cuius
1237 3155 1419 3216 personam
1444 3137 1553 3219 dignis
1573 3137 1757 3217 graciarum

309 3242 479 3305 favoribus
514 3244 674 3323 prosequi
710 3241 903 3324 curam(us),
936 3264 1011 3306 curn
1047 3265 1092 3306 ex
1128 3246 1349 3322 peticionibus
1383 3245 1482 3306 nobis
1517 3244 1679 3324 porrectis
1713 3243 1756 3305 ab

310 3351 432 3413 eodem
455 3351 558 3414 divini
590 3351 733 3413 numinis
765 3352 874 3413 cultus
905 3372 973 3414 non
1005 3352 1142 3414 diminui
1174 3351 1297 3414 debeat
1326 3352 1385 3414 sed
1411 3352 1534 3434 augeri,
1559 3351 1757 3413 auctoritate

310 3461 519 3536 presencium
540 3459 602 3521 sibi
622 3458 841 3521 concedimus
862 3469 1064 3538 potestatem
1083 3458 1173 3536 apud
1190 3456 1311 3522 Christi
1332 3457 1448 3520 fideles
1468 3469 1582 3521 nostre
1600 3459 1756 3534 dyocesis

309 3565 469 3628 audiendi
492 3564 722 3628 confessiones
750 3577 783 3628 et
807 3567 1010 3646 penitencias
1034 3567 1237 3647 iniungendi,
1262 3586 1323 3629 nec
1348 3586 1415 3628 non
1440 3567 1756 3628 excommunicatos

310 3677 342 3735 in
375 3673 508 3735 casibus
540 3693 559 3734 a
590 3673 660 3733 iure
685 3675 861 3750 concessis,
893 3692 998 3748 senes,
1029 3673 1280 3736 valitudinarios
1312 3683 1346 3736 et
1378 3673 1515 3750 debiles,
1545 3685 1616 3734 tam
1647 3691 1757 3734 mares

309 3799 410 3861 quam
442 3779 590 3855 seminas,
616 3781 672 3860 qui
704 3782 747 3842 ad
780 3801 842 3844 nos
874 3799 1045 3842 recursum
1083 3781 1207 3843 habere
1242 3801 1309 3844 non
1344 3791 1535 3860 potuerunt,
1570 3779 1754 3842 secundum

309 3887 451 3949 formam
477 3889 675 3949 canonicam
700 3888 907 3950 absolvendi.
932 3887 983 3950 Ac
1004 3889 1103 3949 etiam
1127 3889 1255 3950 eideme
1278 3888 1478 3950 auctoritate
1502 3907 1569 3968 qua
1593 3886 1758 3968 fungimur

309 3995 528 4077 indulgemus,
552 4005 718 4075 quatenus
749 3996 781 4057 in
811 3993 1114 4075 sollempnitatibus
1146 4013 1205 4056 seu
1237 3995 1455 4057 dedicacione
1481 3998 1532 4057 sui
1556 3994 1757 4066 monasterii,

308 4113 365 4165 aut
390 4094 531 4183 (etiami
556 4102 851 4182 quocienscunque
875 4103 907 4163 in
928 4101 1164 4181 predicacione
1186 4097 1317 4184 (verbi)l
1343 4102 1445 4164 divini
1469 4101 1604 4164 salutisg
1633 4100 1756 4179 pabulo

308 4209 463 4272 refecerit
499 4208 662 4286 populum
701 4209 920 4272 christianum
959 4209 1016 4285 (ad
1057 4210 1327 4288 predicacionem
1367 4229 1462 4272 suam
1502 4211 1533 4272 in
1570 4207 1755 4270 humilitate

308 4319 442 4396 spiritus
467 4310 758 4394 concurrentem),s
785 4320 939 4379 omnibus
962 4336 1039 4378 vere
1064 4318 1292 4397 penitentibus
1312 4327 1345 4378 et
1366 4315 1528 4378 confessis
1545 4315 1607 4378 XL
1627 4317 1757 4379 dierum

308 4423 555 4506 indulgenciam
596 4423 812 4486 condonandi
852 4421 990 4506 (habeat
1029 4421 1256 4504 potestatem),
1296 4433 1353 4486 aut
1388 4424 1415 4485 si
1451 4423 1551 4485 alium
1590 4423 1666 4485 loco
1705 4425 1756 4484 sui

308 4531 511 4593 ordinaverit
543 4530 779 4608 predicantem,
811 4542 936 4594 extunc
968 4526 1051 4593 XXti
1079 4532 1150 4594 dies
1181 4532 1379 4594 auctoritate
1415 4531 1535 4592 eadem
1566 4531 1676 4593 valeat
1708 4533 1755 4592 in·

308 4638 455 4721 dulgere.
481 4636 604 4699 Datum
629 4648 690 4699 etc.

416 4792 647 4855 Fotvv‘e177,
666 4795 711 4848 tei
731 4811 749 4846 v
769 4796 908 4862 rukopise
928 4795 1060 4865 kapituly
1078 4797 1202 4850 Praiske
1215 4797 1230 4865 J
1244 4793 1290 4848 ⁴0³
1310 4793 1358 4849 iol.
1373 4799 1434 4851 259.
1454 4795 1480 4849 O
1500 4795 1756 4864 chronologickem

307 4883 439 4936 omezeni
459 4884 559 4935 rokem
582 4887 651 4936 1290
670 4897 745 4937 srov.
768 4885 846 4938 uvod
866 4885 890 4937 ll
910 4889 935 4938 3.

415 5079 442 5142 a)
461 5079 603 5148 graciam·
624 5081 662 5132 ln.
683 5111 713 5118 -
736 5081 766 5148 b)
781 5051 845 5149 ¹,[et]
866 5083 1016 5134 absolvere
1035 5082 1168 5135 homines
1181 5082 1208 5136 in
1229 5081 1404 5150 quibusdam
1425 5080 1573 5151 ca[sibus]‘
1593 5081 1664 5149 Kap.
1678 5082 1700 5151 J.
1721 5109 1755 5122 -

306 5167 333 5236 c)
353 5167 412 5236 ,Jo.‘
432 5165 504 5233 Kap.
518 5165 539 5234 J.
569 5195 600 5207 —
627 5168 656 5235 d)
677 5175 725 5232 ,..‘
745 5169 818 5236 Kap.
831 5169 853 5237 J.
880 5199 912 5208 -
942 5171 970 5238 e)
988 5173 1109 5232 ,eadem‘
1124 5171 1194 5239 Kap.
1207 5170 1229 5239 J.
1256 5199 1289 5210 —
1309 5169 1331 5238 i)
1351 5170 1506 5238 Doplneno
1524 5171 1572 5224 dle
1593 5170 1692 5240 Kap.]
1721 5199 1754 5209 —

306 5261 335 5326 g)
355 5257 439 5322 ‚salis¹
459 5256 507 5322 ln,
527 5257 644 5317 ¹salutis‘
664 5259 736 5326 Kap.
750 5257 771 5326 J.
