3988 5844
909 366 959 414 191

209 578 335 642 clarere
371 580 552 656 sinceritas
588 578 794 660 equipolleat
828 579 975 641 mendax
1006 580 1161 656 veridic0‚
1196 598 1259 641 nec
1295 580 1470 658 pauciores
1508 577 1657 642 fautores

209 685 1658 766 mmmmwmwmssmfflmoemmmffltquffiwmstfflm

209 794 315 856 eciam
341 813 443 856 cause
467 796 647 856 occasione
671 793 753 854 false
778 791 992 870 proferuntur
1021 793 1199 867 sentencie,
1228 811 1340 854 rerum
1373 793 1560 873 proprietas
1585 811 1657 871 per·

209 903 297 965 ditur
320 911 354 963 et
379 903 575 984 ingenuitas,
599 901 690 982 quod
708 911 759 963 est
776 900 932 976 deterius,
955 910 1145 973 venenatur,
1171 919 1245 961 cum
1262 899 1344 976 filiis,
1367 899 1572 981 quandoque
1589 919 1656 962 non

208 1011 404 1089 potentibus
428 1009 604 1092 legittimas
620 1007 823 1070 matrimonii
841 1009 984 1087 probare
1001 1009 1149 1085 nupcias
1174 1007 1225 1069 vel
1243 1008 1486 1069 concubinatus
1502 1005 1658 1070 illecebre

208 1115 257 1178 vel
282 1117 436 1179 adulterii
460 1115 622 1178 scelerata
647 1117 849 1177 commercia
872 1113 924 1176 vel
948 1116 1093 1176 incestus
1119 1113 1317 1177 detestanda
1351 1115 1524 1197 sacrilegia
1550 1133 1657 1194 oppo-

207 1233 337 1298 nantur,
362 1223 451 1284 unde
475 1221 711 1285 insultantibus
734 1223 858 1283 iniuriis
881 1223 952 1283 iura
978 1227 1257 1299 prosternuntur,²
1292 1222 1515 1284 invalescente
1542 1221 1657 1302 nequi-

207 1331 333 1393 ciarum
358 1330 489 1392 turbine
513 1328 729 1410 naufragatur
752 1331 891 1410 equitas,
916 1329 1008 1407 pacis
1033 1328 1198 1409 relegatur
1229 1329 1459 1410 tranquillitas,
1491 1347 1657 1408 casusque

207 1437 427 1500 formidabilis
450 1456 512 1498 nec
536 1437 691 1499 inmerito
714 1436 864 1499 redditur
888 1437 1036 1499 civitatis.
1078 1435 1169 1518 Ergo
1192 1454 1336 1517 sequens
1366 1455 1515 1498 mearum
1540 1435 1656 1498 mode·

207 1547 302 1607 stiam
335 1547 462 1621 virium,
495 1546 644 1625 quinon
669 1563 805 1624 possum
838 1545 872 1605 in
907 1545 1073 1620 omnibus,
1106 1543 1140 1605 in
1176 1543 1241 1604 hoc
1276 1543 1403 1617 saltem,
1439 1551 1476 1604 ut
1508 1540 1656 1622 prefatus

207 1651 371 1714 deffectus
395 1653 428 1714 in
453 1653 586 1713 civitate
611 1651 766 1732 Pragensi
791 1649 944 1720 defficiat,
976 1651 1164 1731 profectum
1199 1651 1243 1711 rei
1268 1650 1400 1728 publice
1424 1651 1598 1728 procuravi
1622 1659 1656 1710 et

207 1760 287 1822 istos
319 1768 502 1838 quaternos
533 1767 766 1820 contractuum
801 1759 852 1820 vel
888 1757 1137 1838 obligacionum
1173 1757 1334 1840 regalium
1367 1760 1579 1839 registrorum
1611 1757 1654 1818 ad

206 1868 309 1929 instar
325 1868 369 1929 de
385 1875 477 1928 certa
503 1867 722 1940 consciencia,
739 1864 911 1928 voluntate
935 1875 1119 1942 spontanea
1136 1865 1371 1944 communique
1396 1883 1561 1927 consensu
1580 1882 1655 1942 pro·

206 1976 326 2037 borum
362 1983 396 2036 et
430 1973 651 2034 discretorum
686 1973 829 2033 virorum
867 1971 1017 2034 Wrovini
1054 1971 1182 2047 iudicis,
1221 1970 1390 2049 Hyltmari
1427 1970 1655 2052 Wridingeris,

206 2079 366 2158 (Cunradi
390 2080 508 2163 Longi,
531 2079 712 2142 Theodrici
737 2073 924 2160 Welulini)b
946 2079 1064 2140 civium
1094 2087 1127 2140 et
1155 2081 1339 2141 iuratorum
1363 2079 1504 2140 civitatis
1529 2076 1656 2158 prefate

205 2190 383 2269 tociusque
415 2187 638 2250 universitatis
672 2186 830 2258 eiusdem,
865 2187 898 2248 in
929 2185 994 2248 hoc
1031 2187 1184 2268 congessi
1218 2185 1396 2262 volumine,
1427 2184 1519 2264 quod
1550 2185 1581 2244 iu
1607 2187 1655 2248 eis

205 2295 442 2379 obligaciones
476 2305 574 2371 pacta
614 2301 788 2368 conventa,
821 2293 999 2371 sponsalia,
1032 2295 1163 2372 nupcie,
1196 2295 1400 2372 empciones‚
1433 2292 1656 2368 vendiciones

204 2405 406 2480 locacioneS,
432 2401 675 2464 conductiones
699 2411 732 2462 et
755 2401 892 2463 demum
916 2419 1033 2462 omues
1058 2409 1261 2478 contractus,
1293 2418 1493 2480 quocunque
1520 2400 1655 2461 nomine

205 2522 411 2586 censeantur,
435 2512 493 2590 qui
518 2507 568 2570 vel
592 2527 656 2588 que
680 2509 712 2568 in
729 2508 881 2587 predicta
907 2508 1038 2568 civitate
1063 2505 1152 2581 fient,
1177 2505 1319 2568 fideliter
1344 2506 1598 2568 conscribantur
1621 2516 1653 2567 et

205 2626 295 2679 recte
320 2620 353 2679 in
379 2615 566 2678 futurorum
591 2615 787 2676 memoriam
811 2624 844 2676 et
867 2615 1095 2676 testimonium
1118 2616 1274 2676 veritatis.
1311 2612 1366 2677 Sic
1391 2614 1477 2674 enirn
1502 2613 1656 2676 falsitatis

203 2726 372 2804 expirabit
395 2724 582 2804 duplicitas,
607 2732 640 2784 et
657 2741 722 2803 que
738 2741 827 2783 nuuc
850 2724 947 2801 quasi
963 2729 1094 2783 mortua
1112 2721 1283 2795 delitescit,
1306 2721 1464 2783 inviolata
1488 2713 1654 2782 rectitudo

204 2843 363 2914 resurget,
398 2841 500 2912 atque
534 2849 644 2905 cause,
679 2848 744 2908 que
780 2829 954 2890 discordes
989 2847 1078 2892 nunc
1112 2827 1236 2889 faciunt
1270 2827 1432 2904 homines,
1468 2827 1654 2890 exulabunt

204 2951 299 3001 extra
324 2939 474 3018 predicte
498 2938 638 2999 civitatis
663 2937 790 3012 limites,
814 2943 1044 3016 cogenturque
1061 2954 1194 2996 servare
1211 2934 1436 3010 concordiam,
1461 2937 1517 3013 qui
1534 2934 1655 2996 vellent

203 3039 1653 3126 mufflmmsswmmCmmmoemmssmmdmmmwmwn

202 3149 1652 3230 cmmoemmvmmmoeammcmmmuwmmmmemnfflffifflsmweme

202 3263 286 3324 stitis
310 3265 342 3322 in
368 3269 543 3341 posterum
568 3259 723 3321 dubietas
747 3259 879 3333 oriatur,
906 3256 1090 3318 Henricum
1116 3255 1265 3318 Italicum
1290 3257 1456 3318 notarium
1481 3256 1651 3334 quondam

201 3363 1650 3448 dmdmmnmbmmmmmummmoewssmmmnmmmmmqmoeMMn

202 3476 269 3537 istis
287 3475 517 3537 conscriberet
532 3481 565 3535 et
581 3482 772 3535 contractus
793 3472 843 3533 vel
861 3471 1086 3552 obligaciones
1103 3489 1161 3549 per
1178 3469 1388 3532 differencias
1408 3463 1652 3552 distin(g)ueret

199 3584 392 3660 tytulorum.
430 3579 505 3660 Que
529 3579 665 3659 quidem
690 3581 811 3655 omnia,
836 3580 920 3640 sicut
953 3578 1104 3656 superius
1139 3577 1299 3640 denotata
1336 3587 1420 3652 sunt,
1446 3595 1508 3658 ego
1533 3595 1650 3656 supra-

201 3690 391 3750 nominatus
424 3686 590 3750 Henricus
622 3696 758 3768 rogatus
782 3706 801 3746 a
826 3685 961 3763 prefatis
992 3685 1119 3747 civibus
1151 3686 1184 3747 in
1217 3687 1289 3763 ipsa
1326 3685 1457 3746 civitate
1492 3683 1649 3765 Pragensi

200 3796 335 3875 propria
360 3813 460 3857 manu
485 3794 601 3873 scripsi
626 3803 659 3855 et
683 3813 759 3854 meo
784 3793 877 3875 signo
902 3793 1027 3874 signavi
1053 3791 1097 3852 ad
1123 3810 1233 3853 veram
1250 3801 1284 3852 et
1300 3791 1468 3871 publicam
1492 3791 1649 3852 noticiam

194 3899 425 3980 posterorum.

307 4091 368 4146 Fol.
388 4091 431 4144 41¹
452 4091 476 4145 ὄ.
496 4096 556 4153 250,
582 4091 627 4144 tei
654 4090 829 4158 vrukopise
854 4089 1074 4144 mnichovskem
1104 4089 1151 4144 sol.
1182 4095 1233 4144 123
1262 4089 1286 4143 ἆ.
1316 4093 1348 4142 51
1378 4087 1495 4159 (Tadra,
1526 4089 1647 4142 Vestnilr

200 4181 241 4234 kr.
271 4180 329 4234 des.
357 4182 430 4249 spol.
460 4181 538 4234 naulr
569 4183 637 4234 1889
666 4188 699 4232 st.
721 4183 861 4232 102—104
891 4178 915 4232 ὅ.
943 4177 1033 4242 XVll,
1062 4179 1198 4232 castecne
1223 4165 1418 4248 Celakovskv,
1449 4177 1647 4233 Odomacich

199 4271 328 4325 acizlch
348 4285 406 4339 reg.
432 4279 467 4324 st.
488 4271 541 4338 29).
579 4269 604 4322 V
631 4268 788 4337 pojednani
813 4268 975 4321 uvedenem
1007 4270 1052 4334 (st.
1078 4268 1123 4334 89)
1154 4268 1239 4322 lrlade
1263 4267 1362 4322 Tadra
1390 4269 1487 4322 listinu
1515 4275 1579 4322 tuto
1607 4268 1647 4322 do

198 4360 321 4414 zadatku
341 4375 363 4411 r.
385 4362 463 4421 1280,
493 4358 644 4426 ponevadi
664 4357 833 4426 nasledujlci
852 4357 945 4410 listina
964 4373 978 4408 z
999 4359 1069 4410 1'280
1097 4357 1223 4423 listopad
1252 4361 1285 4409 19
1314 4356 1403 4410 mluvr'
1419 4356 1456 4424 jii
1475 4371 1494 4411 o
1513 4357 1646 4424 zapisech

198 4450 237 4503 do
256 4448 357 4503 techto
386 4447 593 4502 koutraktnich
621 4447 697 4500 lrnih¹
727 4444 836 4500 Ovdem
861 4447 929 4500 neni
953 4445 1124 4514 vyloudeno,
1151 4445 1183 4500 ie
1209 4446 1298 4514 kuihy
1321 4453 1384 4514 tyto
1414 4446 1481 4516 byly
1511 4446 1646 4515 zaloieny

195 4539 271 4608 jeste
291 4553 310 4590 ο
332 4537 407 4590 neco
427 4536 516 4598 diive,
535 4536 602 4605 jiste
624 4537 695 4588 vsak
718 4551 756 4602 po
779 4536 857 4602 padu
880 4535 1026 4604 Piemysla
1046 4533 1221 4600 Otokarall,
1242 4533 1343 4588 domui
1369 4533 1537 4605 uasvddbuji
1566 4536 1646 4590 slova

197 4625 355 4694 vztahujlci
374 4639 407 4677 se
433 4627 452 4678 k
478 4625 591 4678 bouiim
620 4624 745 4678 vPraze
773 4640 811 4692 po
835 4625 904 4693 jeho
928 4625 1023 4678 smrti:
1050 4625 1161 4686 ,civitas
1188 4625 1339 4692 Pragensis
1368 4625 1566 4692 multiplicium
1587 4625 1646 4678 dis·

197 4715 365 4770 cordiarum
384 4713 555 4767 tumultibus
574 4716 708 4766 estuans‘.

198 5135 414 5146 ——n—-n

305 5199 332 5262 a)
354 5196 556 5263 ,prostrantur‘
576 5195 615 5248 In.
637 5224 669 5233 -
690 5196 719 5260 b)
740 5195 892 5262 Doplndno
912 5196 959 5249 dle
979 5195 1035 5249 Mn.
