4008 5846
907 839 958 899 47.

210 1012 359 1094 premysl
385 997 512 1078 Otokor
526 1013 571 1076 II.
595 1016 682 1078 redd
706 1013 907 1094 (Boleslaua)
931 1015 1055 1078 km'rlete
1086 1015 1328 1091 Krakovskllro,
1358 1017 1419 1097 uby
1441 1015 1502 1081 dal
1525 1017 1654 1099 posllim

341 1120 522 1202 ratarsky'm
544 1141 566 1182 a
580 1120 660 1203 jero
682 1123 835 1202 bezpedny'
853 1121 985 1202 prrlvod
1012 1121 1056 1185 ku
1078 1123 1203 1186 knritetz'
1223 1122 1384 1186 Ruske'mu
1409 1123 1518 1187 Lvovi.

789 1371 894 1448 (1269
913 1371 1009 1434 konec
1032 1370 1111 1434 roku
1136 1405 1178 1416 -
1203 1369 1294 1436 1276
1314 1371 1457 1452 listopad
1478 1369 1547 1450 22).

354 1569 430 1629 Rex
454 1579 550 1649 rogat
575 1569 766 1646 principem,
790 1576 827 1630 ut
850 1567 1078 1654 conduceret⁸¹
1101 1569 1241 1630 nuncios
1265 1567 1494 1630 Tartarorum.

312 1726 603 1790 Excellentissimo
636 1728 774 1808 principi
810 1723 964 1790 dominob
987 1723 1170 1810 (Boleslao)
1204 1728 1321 1792 illustri
1345 1732 1423 1791 duci
1447 1727 1654 1812 (Cracowie),

208 1831 295 1895 alfini
312 1853 375 1896 suo
393 1836 573 1912 carissimo,
586 1829 811 1916 O(ttacarus)c
839 1833 894 1896 dei
910 1837 1021 1917 gracia
1038 1856 1099 1897 rex
1123 1835 1268 1913 Boemie,
1292 1835 1363 1898 dux
1390 1838 1532 1910 Austris,
1556 1835 1655 1900 Stirie

208 1939 391 2014 Karinthie,
416 1942 566 2004 marchio
592 1940 748 2018 Moravie,
773 1935 945 2004 dominusd
976 1940 1143 2018 Karniole,
1170 1942 1326 2020 Marchie,
1351 1943 1438 2026 Egre
1470 1964 1511 2006 ac
1535 1945 1654 2007 Portus

209 2046 345 2126 Naonis,
370 2049 571 2111 salutemet
595 2051 761 2111 sinceram
786 2048 829 2111 ad
855 2049 1003 2130 quelibet
1027 2049 1240 2128 beneplacita
1263 2049 1477 2113 voluntatem.
1510 2048 1651 2114 Sinceri-

207 2165 309 2216 tatem
350 2167 504 2234 vestram,
547 2157 590 2220 de
625 2176 691 2238 qua
728 2155 951 2236 plenissimam
989 2157 1179 2219 obtinemus
1215 2156 1462 2233 confidentiam,
1497 2158 1655 2220 duximus

207 2264 418 2340 presentibus
457 2261 675 2326 amicabiliter
722 2264 964 2344 requirendam,
1004 2274 1169 2344 quatenus
1203 2265 1331 2326 nunciis
1366 2263 1585 2328 Tartarorum
1620 2275 1654 2328 et

207 2371 327 2431 nostris
359 2370 651 2451 contemplacione
682 2388 825 2448 persone
855 2372 943 2451 regie
975 2370 1079 2432 velitis
1118 2373 1151 2433 in
1186 2390 1306 2433 securo
1341 2371 1510 2435 conductu
1547 2391 1653 2454 usque

207 2477 248 2538 ad
273 2478 448 2540 dominum
474 2477 639 2540 Leoneme
663 2480 783 2541 ducem
808 2470 944 2539 Rusciel
966 2477 1151 2556 providere,
1175 2480 1254 2558 quia
1278 2479 1310 2538 in
1334 2477 1435 2540 fidem
1458 2489 1492 2541 et
1508 2482 1652 2542 animam

206 2594 356 2646 nostram
381 2587 444 2647 sub
468 2585 680 2647 consciencia
704 2595 817 2647 nostra
842 2603 924 2664 pura
949 2585 1157 2660 assumimus,
1182 2586 1268 2646 sicut
1298 2593 1331 2646 et
1355 2585 1437 2648 alias
1460 2587 1653 2649 litteratorie

206 2702 238 2752 et
260 2691 440 2754 verbaliter
465 2712 524 2772 per
549 2693 687 2754 nuncios
711 2693 867 2754 dedimus
890 2692 985 2753 vobis
1009 2694 1103 2764 scire,
1127 2691 1219 2772 quod
1243 2692 1382 2754 eosdem
1416 2694 1554 2755 nuncios
1585 2712 1653 2756 non

205 2801 397 2860 vocavimus
421 2818 483 2860 nec
508 2817 584 2861 curn
610 2802 690 2878 ipsis
714 2799 825 2878 aliqua
850 2799 1065 2861 tractavimus
1081 2799 1131 2860 vel
1148 2799 1375 2861 ordinavimus
1391 2802 1423 2862 in
1439 2799 1652 2878 dispendium

207 2919 237 2966 et
268 2925 448 2987 gravamen
481 2905 596 2986 populi
628 2905 805 2974 christiani.
837 2925 879 2968 eo
911 2907 1002 2986 quod
1028 2927 1099 2979 nos,
1123 2915 1294 2987 tamquam
1319 2908 1467 2986 precipui
1491 2906 1654 2970 zelatores

207 3025 239 3074 et
263 3012 459 3077 defensores
484 3013 651 3096 religionis
676 3023 709 3075 et
732 3013 810 3076 fidei
827 3013 1015 3091 christiane,
1033 3013 1076 3075 ad
1093 3024 1308 3095 augmentum
1334 3023 1366 3076 et
1383 3015 1653 3095 ampliacionemss

206 3121 356 3184 eiusdem
388 3122 592 3184 intendimus
624 3121 667 3183 ad
692 3141 741 3194 ea,
765 3139 830 3202 que
855 3121 1000 3202 quietem
1025 3131 1058 3182 et
1081 3120 1297 3183 commodum
1322 3119 1547 3202 professorum
1575 3121 1652 3184 fidei

206 3241 319 3288 nostre
351 3227 524 3302 inducunt,
555 3227 787 3291 sollicitudinis
819 3238 933 3290 nostre
966 3247 1065 3290 curas
1090 3229 1284 3290 accuracius
1308 3227 1492 3309 dirigendo
1540 3228 1582 3290 Et
1606 3231 1652 3291 sic

204 3336 332 3397 eisdem
356 3334 542 3397 fiducialius
566 3346 599 3397 et
624 3335 771 3398 securius
795 3336 963 3415 provideri
988 3338 1132 3413 petimus
1156 3335 1254 3396 etiam
1280 3338 1312 3397 in
1329 3334 1499 3396 conductu
1524 3355 1653 3412 securo,

205 3445 298 3504 cuius
323 3443 467 3521 presidio
492 3453 526 3504 et
549 3437 727 3522 preceptoh
756 3462 862 3524 usque
894 3443 938 3505 ad
970 3441 1129 3506 illustrem
1162 3442 1284 3504 ducem
1316 3442 1506 3521 predictum
1538 3462 1652 3520 perso·

205 3569 323 3611 narum
348 3561 382 3612 et
406 3569 517 3613 rerum
540 3569 675 3612 suarum
701 3549 895 3613 omnimoda
920 3550 1100 3612 securitate
1124 3549 1294 3630 gaudeant
1318 3559 1351 3611 et
1376 3561 1520 3626 utantur,
1537 3552 1568 3611 in
1585 3569 1652 3629 quo

204 3658 300 3719 nobis
323 3672 452 3740 gratam
477 3652 638 3720 exhiberii
664 3658 893 3736 reputabimus
917 3657 1132 3732 voluntatem,
1163 3675 1264 3738 quam
1290 3656 1514 3718 vicissitudine
1538 3657 1652 3719 debita

204 3763 380 3827 dileccioni
404 3775 512 3826 vestre
537 3765 612 3828 loco
637 3775 670 3827 et
693 3776 846 3846 tempore
870 3766 984 3845 utique
1010 3765 1244 3844 rependemus.
1270 3764 1394 3827 Datum
1420 3775 1485 3826 etc.

310 3992 369 4046 Fol.
390 3997 406 4046 8
427 3993 451 4047 d.
472 3998 514 4058 47,
534 3994 580 4046 tei
604 4010 621 4046 v
641 3994 778 4060 rukopise
805 3993 934 4060 kapituly
962 3991 1083 4046 Praiske
1102 3991 1116 4060 J
1136 3991 1182 4044 40¹³
1202 3991 1250 4045 sol.
1277 3997 1328 4044 261
1357 3990 1492 4060 (PalackJ
1520 3989 1650 4043 Formel·

205 4081 314 4135 bucher
333 4081 357 4135 11
376 4091 410 4136 st
430 4089 474 4144 1⁴,
495 4083 591 4136 Emler
616 4083 673 4136 RB.
694 4083 718 4136 11
737 4083 761 4136 ὅ.
781 4081 864 4149 2297)
883 4097 900 4136 a
920 4098 936 4132 v
956 4081 1174 4135 mnichovskem
1202 4081 1242 4133 rk.
1264 4080 1311 4134 sol.
1333 4083 1393 4133 125⁶
1414 4081 1437 4133 d.
1457 4083 1498 4132 ⁶0.
1520 4079 1651 4133 Chrono-

204 4171 316 4242 logicke
344 4187 425 4226 meze
450 4174 545 4226 udava
571 4173 734 4242 kralovslrJ·
752 4173 815 4226 titul
836 4187 849 4223 s
869 4171 1100 4240 vyjmenovanim
1127 4171 1215 4224 vsech
1235 4171 1316 4233 aemi,
1342 4171 1464 4238 uiivanJ¹
1489 4170 1529 4223 od
1556 4171 1650 4222 koncc

204 4277 224 4314 r.
246 4266 315 4315 12⁶9
334 4263 374 4316 do
394 4263 468 4316 miru
488 4279 506 4315 u
527 4261 620 4315 virtue
641 4266 719 4316 1276.

310 4883 338 4951 a)
358 4884 542 4948 ,condiceret
570 4883 610 4936 In.
701 4883 732 4948 b)
753 4883 789 4944 ‚d.
810 4883 846 4936 ill.
867 4883 935 4936 duei
955 4923 961 4935 .
982 4888 998 4935 .‘
1017 4882 1066 4946 In,
1087 4879 1172 4944 ,dom
1192 4923 1197 4935 .
1217 4923 1224 4936 .
1243 4881 1278 4935 ill.
1305 4882 1373 4936 duci
1399 4879 1557 4936 Cracowie‘
1583 4881 1648 4948 Mn,

204 4972 240 5035 ,d.
260 4971 292 5026 C.
311 4973 434 5042 principi
453 4971 607 5027 Racoviae‘
627 4971 700 5040 Kap.
714 4973 736 5042 J.
757 5001 789 5010 -
811 4973 838 5038 c)
860 4971 912 5034 ,W.
933 4973 960 5026 d.
980 4987 1005 5040 g.
1026 4987 1078 5024 rex
1099 4971 1167 5026 Bon.
1188 4978 1218 5025 et
1236 4972 1366 5025 marchio
1386 4971 1468 5024 Mor!
1486 4969 1559 5038 Kap.
1573 4971 1595 5040 J.
1617 4998 1647 5011 -

201 5061 231 5125 d)
263 5055 333 5124 ,ΗΕ
358 5062 409 5124 In..
436 5062 590 5125 ,dominus‘
615 5061 670 5114 Mn.
701 5091 730 5100 -
764 5062 791 5130 e)
811 5061 853 5124 ,C‘
871 5061 980 5130 KapJ.
1009 5089 1043 5099 -
1072 5059 1237 5126 s),Russie‘
1263 5059 1329 5122 Mn,
1349 5061 1455 5124 ,Rusie‘
1481 5058 1553 5128 Kap.
1573 5060 1596 5129 J.
1616 5088 1648 5100 -

204 5150 232 5220 g)
250 5153 506 5220 ‚amplicacionem‘
526 5151 575 5216 ln,
601 5151 840 5220 ,ampliacionem‘
861 5151 916 5204 Mn.
937 5167 954 5204 a
972 5149 1078 5218 KapJ.
1112 5179 1141 5188 -
1173 5151 1200 5211 b)
1219 5153 1378 5219 ‚precepto
1398 5149 1436 5203 in.
1456 5166 1473 5202 a
1492 5150 1556 5214 Mn,
1577 5165 1649 5217 ,pre-

204 5242 300 5308 cepto‘
320 5239 391 5309 Kap.
405 5241 427 5311 J.
449 5271 480 5280 -
501 5239 520 5311 i)
539 5241 698 5307 ,exhibere‘
717 5241 757 5294 ln.
777 5256 795 5294 a
813 5239 884 5308 Kap.
899 5241 930 5311 J„
954 5241 1106 5307 ,exbiberi‘
1126 5238 1180 5294 Mn.
