3968 5848
26 663 28 718 l

26 719 28 762 t

926 383 976 430 141

916 595 987 658 178.

229 734 349 818 Biskup
378 739 409 802 T
405 737 495 802 obia‘r
518 738 606 802 udz‘lz‘
625 758 647 800 a
665 739 837 820 potvrzuje
859 735 1017 818 odpustky
1040 738 1335 800 navitlvovateltim
1359 737 1497 800 chra'mu
1515 751 1548 819 p.
1564 739 1674 802 Marie

627 845 713 908 r'ddu
739 840 923 914 Johanm'trt
947 865 970 906 u
993 855 1096 907 mostu
1118 864 1140 906 v
1162 843 1276 907 Praze.

1234 1003 1341 1084 (1279
1360 1040 1402 1048 -
1428 1003 1561 1079 mor),

426 1149 615 1229 Episcopus
641 1147 783 1210 ratificat
808 1148 1036 1231 indulgencias
1061 1150 1201 1212 aliorum
1226 1152 1473 1229 episcoporum.

330 1287 532 1373 Thfobias)²
556 1293 610 1354 dei
633 1291 746 1372 gracia
771 1299 834 1353 etc.
860 1293 1022 1355 universis
1046 1289 1168 1355 Christi
1193 1300 1254 1352 etc.
1288 1289 1413 1354 Sancta
1438 1291 1493 1354 dei
1517 1291 1672 1374 genitrix,

224 1398 460 1478 gloriosissima
485 1409 517 1460 et
541 1408 704 1478 perpetua
735 1400 828 1479 virgo
861 1397 975 1474 Maria,
1007 1407 1103 1461 tanto
1130 1399 1288 1460 devocius
1313 1419 1351 1461 ac
1376 1397 1587 1480 frequencius
1619 1409 1671 1462 est

225 1525 245 1566 a
267 1501 387 1570 Christi
412 1505 565 1570 fidelibus
582 1505 780 1580 veneranda,
804 1515 930 1586 quanto
957 1505 1125 1569 efficacius
1154 1507 1245 1587 apud
1270 1507 1371 1568 deum
1395 1509 1670 1586 omnipotentem,

224 1613 415 1676 iamdictum
450 1613 553 1676 filium
587 1615 667 1688 eius,
699 1613 817 1676 fideles
841 1611 964 1676 Christi
996 1614 1145 1694 indigent
1176 1615 1279 1694 ipsius
1311 1616 1436 1676 meritis
1459 1623 1493 1676 et
1517 1615 1672 1694 precibus

224 1719 361 1784 feliciter
396 1721 554 1784 adiuvari.
601 1718 785 1800 Cupientes
820 1721 929 1802 igitur,
964 1731 1000 1784 ut
1036 1722 1176 1784 ecclesia
1217 1725 1315 1784 beate
1349 1724 1485 1803 virginis
1519 1723 1669 1784 eiusdem

224 1827 396 1908 hospitalis
431 1848 493 1891 suo
529 1831 658 1890 nomini
694 1828 847 1904 deputati
881 1829 925 1890 ad
961 1828 1083 1908 pedem
1117 1831 1228 1908 pontis
1261 1829 1365 1910 Frage
1401 1831 1528 1892 ordinis
1564 1831 1669 1892 sancti

223 1933 379 1998 lobannis
412 1936 668 2000 ierosolimitani
705 1935 862 2015 congruis
895 1936 1080 2000 honoribus
1115 1934 1351 2017 frequentetur,
1388 1937 1544 1999 omnibus
1576 1935 1671 1998 vobis

222 2063 297 2105 vere
322 2045 552 2123 penitentibus
584 2052 617 2106 et
648 2040 821 2118 confessis,
846 2045 904 2124 qui
936 2042 978 2104 ad
1011 2044 1155 2106 eandem
1187 2042 1364 2105 ecclesiam
1388 2043 1419 2104 in
1446 2043 1670 2105 anniversario

223 2152 273 2212 die
294 2152 526 2214 dedicacionis
549 2151 652 2232 ipsius
673 2159 706 2212 et
726 2151 756 2212 in
779 2149 898 2212 diebus
918 2150 1159 2230 sollempnibus
1175 2160 1208 2212 et
1224 2151 1347 2214 festivis
1367 2151 1517 2213 eiusdem
1540 2151 1670 2232 virginis

219 2258 363 2340 gloriose
394 2269 513 2340 qnater
544 2261 576 2320 in
615 2276 712 2331 ann0‚
745 2257 983 2320 anunciacione
1015 2257 1170 2321 videlicet
1208 2269 1280 2334 etc,
1315 2257 1518 2339 singulisque
1549 2257 1670 2320 diebus

220 2367 360 2442 sabbati,
382 2367 518 2456 quando
543 2366 667 2427 ibidem
692 2364 735 2426 ad
760 2364 925 2427 honorem
950 2365 1005 2428 dei
1025 2377 1059 2428 et
1079 2367 1179 2444 ipsius
1204 2366 1395 2427 beatissime
1419 2365 1533 2426 matris
1557 2365 1667 2426 divina

220 2472 429 2535 celebrantur
459 2473 665 2552 sollempnia,
691 2491 792 2534 causa
824 2471 1019 2535 devocionis
1051 2475 1259 2535 accesseritis
1290 2476 1471 2550 annuatim,
1504 2472 1565 2534 XL
1596 2473 1668 2535 dies

221 2581 364 2642 iniuncte
397 2580 584 2660 penitencie
615 2580 877 2643 misericorditer
908 2579 1109 2656 relaxamus,
1141 2589 1246 2642 ratarn
1279 2591 1312 2642 et
1342 2589 1472 2662 gratam
1504 2580 1668 2642 habentes

219 2687 455 2750 venerabilium
481 2689 514 2748 in
531 2684 664 2750 Christo
689 2696 830 2765 patrum,
851 2685 1009 2749 videlicet
1031 2736 1063 2750 ..
1088 2688 1130 2749 de
1156 2734 1187 2750 ..
1213 2699 1246 2748 et
1271 2735 1303 2751 ..
1328 2688 1371 2749 de
1396 2736 1427 2749 ..
1452 2688 1665 2749 dominorum

219 2795 549 2874 archiepiscoporum
570 2804 604 2856 et
624 2797 864 2874 episcoporum
888 2793 1144 2877 indulgenciam,
1161 2815 1181 2856 a
1196 2795 1332 2876 singulis
1356 2796 1502 2877 singulas
1523 2794 1665 2875 quadra·

219 2920 326 2983 genas,
352 2901 509 2964 collatam
534 2904 634 2965 etiarn
659 2903 691 2965 in
717 2902 782 2964 hoc
807 2921 898 2980 casu,
924 2911 1024 2982 prout
1047 2904 1078 2964 in
1103 2904 1251 2982 ipsorum
1284 2903 1386 2965 literis
1411 2903 1562 2965 videmus
1588 2921 1665 2965 con·

218 3010 322 3072 tineri.
348 3009 385 3073 In
409 3010 504 3072 cuius
528 3019 590 3073 etc.

323 3165 385 3220 Fol.
405 3165 447 3220 27¹
463 3164 487 3220 ὅ.
502 3168 562 3229 178,
582 3166 628 3220 tei
649 3183 667 3217 v
686 3166 824 3234 rukopise
844 3167 976 3236 kapituly
990 3165 1113 3220 Praislre
1126 3166 1139 3234 J
1153 3163 1200 3222 40⁵
1219 3166 1266 3220 fol.
1280 3171 1341 3220 230.
1361 3165 1388 3220 Ο
1407 3165 1664 3238 chronologicken.

216 3256 348 3309 omezeni
367 3256 470 3308 rokem
491 3261 560 3310 1290
580 3272 656 3310 srov.
677 3256 756 3310 dvod
777 3255 843 3309 11³.

908 3491 977 3554 179.

253 3633 376 3715 Biskup
405 3633 436 3698 T
432 3634 524 3697 eln'u‘s¹
543 3635 711 3718 potvrzuje
733 3633 892 3715 odpustky
915 3634 1185 3716 ney'menovanyiclz
1207 3632 1413 3716 arcibiskupri
1437 3655 1459 3696 a
1482 3632 1621 3716 biskupvi

766 3763 787 3803 a
810 3742 954 3824 pr'iddvd
978 3743 1024 3805 40
1045 3741 1111 3804 dni.

1222 3846 1332 3928 (1279
1350 3881 1393 3892 -
1418 3848 1553 3930 moe).

325 4007 483 4072 Similiter
506 4009 686 4089 episcopus
711 4009 852 4071 ratificat
876 4009 1107 4091 indulgencias
1132 4012 1370 4089 episcoporum
1395 4010 1544 4072 aliorum.

321 4147 518 4234 Tholbias)b
549 4153 604 4214 dei
636 4162 698 4215 etc.
730 4155 891 4215 universis
923 4150 1045 4215 Christi
1080 4153 1244 4216 fidelibus.
1291 4150 1442 4215 Salutem
1474 4154 1659 4214 animarum

214 4270 398 4321 vestrarum
423 4263 539 4341 augeri
562 4261 679 4340 pocius
703 4279 804 4340 quarn
829 4261 932 4322 minui
962 4261 1145 4339 cupientes
1170 4260 1398 4342 indulgencias
1421 4259 1659 4322 venerabilium

214 4368 247 4427 in
270 4362 402 4429 Christo
428 4375 560 4447 patrum
582 4367 678 4429 ..de
704 4373 750 4428 ..⁰
774 4365 988 4429 dominorum
1013 4367 1339 4448 archiepiscoporum
1365 4376 1398 4428 et
1421 4367 1658 4446 episcoporum

213 4472 351 4536 collatas
373 4473 529 4537 fidelibus
546 4471 669 4537 Christi
692 4474 724 4536 in
749 4473 895 4537 articulis
919 4472 981 4537 illis
1005 4473 1101 4536 licitis
1125 4487 1158 4536 et
1183 4474 1339 4550 honestis,
1363 4483 1463 4552 prout
1486 4474 1517 4535 in
1542 4492 1659 4535 eorum

213 4581 314 4644 literis
345 4601 446 4663 super
477 4581 542 4644 hoc
574 4579 737 4644 confectis
768 4580 899 4660 plenius
932 4581 1127 4655 continetur,
1163 4589 1252 4642 ratas
1283 4591 1316 4643 et
1347 4591 1458 4662 gratas
1490 4581 1660 4656 habentes,

214 4693 414 4752 auctoritate
438 4708 504 4770 qua
528 4687 697 4770 fungimur
721 4687 967 4765 confirmamus,
992 4688 1053 4750 XL
1081 4689 1151 4750 dies
1175 4695 1289 4750 nostre
1313 4687 1523 4769 indulgencie
1548 4687 1658 4749 huius·

212 4797 304 4859 modi
328 4796 532 4859 remissionis
556 4796 668 4878 gracie
692 4795 928 4858 nichilominus
960 4798 1207 4878 coniungentes
1245 4795 1281 4857 In
1307 4797 1410 4858 cuius.
1446 4795 1570 4857 Datum
1595 4804 1658 4857 etc.

319 4952 379 5007 Fol.
397 4957 431 5008 28
451 4954 474 5007 ὅ.
490 4957 549 5020 179,
569 4955 615 5007 tei
636 4971 653 5006 v
673 4954 813 5022 rukopise
832 4953 962 5024 kapituly
975 4951 1186 5024 PratskeJ40⁶
1206 4953 1255 5008 fol.
1274 4959 1334 5009 230.
1355 4953 1381 5008 O
1401 4952 1654 5020 chronologickem

212 5042 343 5096 omczenl
361 5044 463 5096 rokem
483 5047 552 5096 1290
572 5057 648 5097 srov.
669 5043 748 5096 dvod
767 5042 791 5096 II
811 5048 837 5096 3.

317 5219 345 5290 a)
365 5218 409 5283 ,0¹
427 5221 501 5289 Kap.
514 5221 535 5290 J.
558 5251 589 5260 -
611 5223 640 5288 b)
660 5220 703 5282 ,O‘
723 5220 796 5285 Kap.
806 5225 828 5288 J.
849 5251 882 5260 -
903 5220 929 5290 c)
949 5221 989 5284 ,C.
1010 5221 1043 5274 D.
1065 5220 1097 5274 V.
1117 5222 1164 5275 de‘
1184 5221 1255 5288 Kap.
1269 5222 1291 5291 J.
