4008 5846
921 415 955 464 ³5

210 627 337 687 domini
370 625 532 704 videlicet,
569 626 828 706 resurreccione,
865 626 1059 690 ascensione
1089 636 1123 688 et
1147 625 1378 689 Pentecostem
1404 629 1492 690 etin
1529 628 1658 690 sollem-

208 735 393 813 pnitatibus
426 741 541 796 sancte
573 733 677 796 Marie
712 734 844 817 virginis
879 733 1023 815 gloriose
1057 743 1176 815 quater
1211 736 1244 796 in
1276 753 1374 809 anno,
1410 735 1659 814 anunciacione‚

210 841 457 918 assumpcione,
482 839 654 902 nativitate
671 848 705 902 et
722 840 959 919 purificacione
975 861 1013 903 ac
1030 841 1062 902 in
1078 838 1202 904 festivis
1226 839 1345 904 diebus
1361 842 1466 904 sancti
1485 841 1658 904 Michaelis

210 957 243 1008 et
267 947 418 1008 omniurn
442 954 651 1009 sanctorum·
672 957 890 1026 patronorum
923 949 1062 1010 ecclesie
1095 946 1288 1027 supradicte
1323 967 1453 1010 necnon
1478 949 1510 1011 in
1534 949 1657 1013 testivi-

207 1055 335 1116 tatibus
359 1063 552 1116 sanctorum
570 1063 603 1116 et
619 1064 811 1117 sanctarum
829 1056 894 1131 dei,
918 1055 961 1118 de
978 1074 1119 1136 quorum
1137 1055 1300 1118 allacione
1316 1057 1348 1117 in
1365 1055 1493 1135 prefata
1518 1056 1658 1120 ecelesia

208 1161 360 1242 gaudere
384 1161 488 1223 debet
519 1171 684 1241 perpetuo
716 1162 859 1224 devocio
883 1162 1072 1238 christiana,
1103 1171 1138 1225 et
1161 1163 1194 1225 in
1219 1163 1272 1226 die
1303 1161 1472 1226 allacionis
1497 1165 1600 1244 ipsius
1624 1175 1658 1227 et

210 1271 244 1330 in
269 1267 494 1330 anniversario
519 1269 591 1330 eius
614 1267 765 1349 quolibet
788 1270 820 1331 in
845 1277 1043 1349 perpetuum
1068 1270 1111 1332 de
1135 1289 1223 1332 anno
1247 1271 1279 1332 in
1304 1289 1429 1332 annum
1454 1290 1529 1333 cum
1555 1272 1656 1334 devo-

212 1377 313 1436 cione
345 1375 562 1452 accesseritis,
594 1383 631 1436 ut
661 1374 801 1448 debetis,
832 1384 1032 1452 reverenter,
1064 1375 1126 1438 XL
1156 1377 1228 1438 dies
1252 1387 1364 1438 nostra
1389 1380 1590 1440 auctoritate
1622 1387 1656 1440 et

213 1501 264 1555 ea,
290 1499 393 1561 quam
417 1502 437 1542 a
461 1483 641 1544 venerabili
666 1484 698 1544 in
723 1479 857 1545 Christo
888 1492 983 1562 patre
1008 1483 1146 1546 domino
1170 1482 1411 1562 Tiheoderico)
1435 1483 1655 1547 Olomucensi

211 1589 375 1668 episcopo
400 1589 562 1650 veraciter
586 1588 786 1664 obtinemus,
817 1591 917 1652 etiam
942 1588 1004 1652 XL
1028 1591 1100 1652 dies
1124 1591 1272 1653 iniuncte
1296 1592 1504 1670 poenitencie
1528 1592 1653 1654 miseri-

209 1695 357 1757 corditer
382 1696 582 1758 relaxamus.
624 1694 769 1758 Nomina
793 1705 905 1758 autem
938 1697 1164 1774 predictorum
1189 1707 1379 1760 sanctorum
1405 1707 1438 1759 et
1462 1707 1656 1761 sanctarum

208 1801 263 1863 dei
295 1801 353 1864 tali
382 1801 480 1864 titulo
515 1806 741 1864 continentur:
778 1812 892 1866 sancte
924 1804 1030 1866 Marie
1062 1804 1201 1888 virginis,
1237 1807 1342 1867 sancti
1376 1799 1480 1867 Petrib
1503 1805 1655 1883 apostoli,

207 1918 327 1971 sancte
353 1907 542 1991 Margarete
566 1909 722 1991 virginis0,
747 1910 790 1972 de
815 1909 903 1992 ligno
928 1911 1064 1990 insuper
1087 1911 1224 1986 domini,
1256 1910 1391 1974 Elelore
1415 1911 1479 1974 filie
1503 1913 1598 1976 ducis
1623 1923 1656 1975 et

209 2017 314 2078 sancti
340 2012 543 2079 Corbiniani.
580 2016 617 2078 ln
642 2001 736 2080 cuius
769 2019 816 2078 rei
839 2020 1072 2080 testimonium
1104 2017 1192 2081 istud
1225 2021 1384 2099 scripturn
1408 2020 1478 2081 lieri
1502 2031 1535 2083 et
1558 2019 1653 2102 sigilli

206 2128 312 2187 nostri
326 2126 505 2187 munimine
516 2123 657 2186 fecimus
675 2124 835 2187 roborari.
853 2125 977 2188 Datum
991 2125 1094 2207 Prage
1109 2145 1197 2188 anno
1211 2126 1338 2189 domini
1356 2124 1655 2204 MCCLXXXVll,

212 2231 257 2292 Vl
286 2231 366 2294 ldus
390 2230 522 2312 Aprilis,
546 2231 760 2311 pontificatus
783 2233 887 2295 nostri
912 2251 1000 2294 anno
1025 2251 1123 2306 non0,
1147 2232 1346 2296 indiccionis
1370 2233 1446 2296 XV.

315 2405 377 2459 Fol.
396 2408 421 2458 6¹
440 2405 464 2460 d.
484 2411 529 2468 37,
547 2405 594 2460 tei
614 2422 632 2458 v
651 2407 791 2474 rukopise
810 2407 940 2476 kapituly
960 2407 1086 2462 Praislre
1107 2405 1118 2474 J
1138 2403 1185 2459 40l
1211 2405 1258 2459 iol.
1279 2410 1348 2459 227.Ι

905 2767 958 2829 38.

205 2924 329 3005 Biskup
365 2925 481 2990 sobriis*
510 2926 595 2988 radat
625 2925 761 3009 bt'skupa
797 2924 1028 2991 Olomoucklho
1058 2925 1213 2990 Ditticha
1227 2927 1372 3008 ymlnem
1394 2931 1486 3008 svyim
1509 2949 1532 2989 a
1555 2937 1652 3008 opatu

206 3017 405 3113 Zelrivske'ho,
439 3033 499 3114 aby
533 3032 635 3096 udllil
657 3031 774 3115 Jaky'si
802 3031 906 3096 kostel
935 3031 1100 3112 akolytovi
1136 3031 1178 3095 N.
1203 3031 1256 3094 dle
1284 3043 1471 3113 presentace
1499 3035 1652 3117 probolta

821 3137 1035 3203 Kounickdlro.

1258 3243 1544 3331 (1281-129ot).

336 3441 525 3523 Episcopus
548 3461 624 3504 cum
645 3442 768 3505 abbate
793 3451 913 3522 rogant
937 3446 1135 3522 episcopum
1159 3461 1220 3522 pro
1244 3441 1374 3517 clerico,
1399 3453 1436 3506 ut
1459 3446 1521 3507 sibi

627 3549 803 3612 ecclesiam
829 3549 1040 3612 confirmaret
1063 3551 1232 3612 canonice.

314 3726 510 3790 Venerabili
532 3728 565 3789 in
590 3723 724 3790 Christo
756 3731 844 3808 patri
867 3728 1006 3791 domino
1030 3738 1064 3790 et
1087 3730 1195 3792 amico
1219 3747 1282 3792 suo
1307 3730 1489 3806 karissimo,
1514 3731 1650 3794 domino

204 3833 448 3915 Thieoderico)
480 3834 536 3898 dei
566 3838 677 3916 gracia
708 3829 943 3899 Olomucensid
971 3837 1142 3916 episcopo,
1167 3832 1359 3918 l”h(0bias)e
1389 3837 1508 3899 eadem
1539 3841 1651 3922 gracia

205 3935 392 4025 Pragensisf
418 3943 600 4022 episcopus
623 3943 763 4005 salutern
789 3951 822 4004 et
846 3953 996 4021 paratam
1021 3943 1065 4005 ad
1082 3943 1187 4023 ipsius
1210 3942 1420 4021 beneplacita
1437 3943 1651 4007 voluntatem.

205 4049 255 4112 De
279 4059 389 4112 vestre
406 4049 587 4112 reverende
605 4051 812 4128 paternitatis
828 4050 1008 4113 clemencia
1032 4061 1066 4112 et
1081 4050 1208 4112 sincere
1233 4049 1427 4114 dileccionis
1451 4052 1652 4128 constancia,

205 4177 271 4238 qua
294 4175 358 4219 nos
381 4155 500 4220 fovetis
523 4167 557 4218 et
579 4165 722 4232 nostros,
746 4156 1018 4236 specialissimam
1035 4155 1278 4219 confidenciam
1295 4157 1492 4235 obtinentes,
1516 4158 1650 4221 dilecci-

205 4283 303 4326 onem
328 4271 474 4369 vestram
497 4283 541 4325 ex
565 4263 689 4327 affectu
714 4265 911 4344 requirimus
942 4272 976 4325 et
1003 4283 1168 4345 rogamus
1201 4273 1366 4344 quatenus
1398 4264 1509 4328 divine
1541 4285 1646 4329 remu·

203 4371 392 4435 neracionis
414 4371 532 4433 intuitu
556 4381 736 4452 nostreque
768 4391 807 4434 ac
831 4371 1035 4434 honorabilis
1057 4372 1118 4433 viri
1142 4371 1268 4433 domini
1291 4373 1422 4436 abbatis
1446 4373 1505 4436 de‘
1525 4369 1649 4454 Syloat
1764 4387 1768 4396 ’

202 4478 461 4541 intervencionis
484 4477 626 4541 obtentu
651 4473 702 4540 Ν.ἰ
725 4477 890 4558 acolitam,
915 4481 1004 4541 bone
1027 4477 1149 4542 indolis
1174 4479 1335 4556 iuvenem,
1364 4499 1464 4560 quem
1489 4479 1651 4544 honestus

204 4587 250 4648 vir
281 4631 287 4643 .
318 4633 325 4647 .
357 4587 549 4664 prepositus
584 4580 830 4669 Cunicensis‘¹)
863 4586 1052 4667 paternitati
1095 4593 1203 4647 vestre
1238 4585 1282 4647 ad
1318 4585 1495 4650 ecclesiam
1530 4588 1574 4651 de
1608 4631 1615 4646 .
1641 4631 1648 4646 .

204 4699 375 4772 presentat
411 4692 580 4754 humiliter
612 4703 646 4754 et
669 4692 799 4768 devote,
833 4694 865 4755 in
890 4693 1010 4756 eadem
1041 4693 1211 4754 instituere
1240 4695 1414 4773 ipsamque
1439 4693 1502 4756 sibi
1536 4702 1650 4756 aucto·

205 4801 301 4862 ritate
324 4799 494 4862 ordinaria
519 4799 701 4881 dignemini
726 4799 923 4862 confirmare
947 4801 1098 4876 scientes,
1121 4800 1211 4880 quod
1235 4797 1301 4862 hoc
1325 4819 1489 4863 unacum
1513 4799 1649 4862 domino

311 5066 339 5126 a)
359 5061 543 5132 ‚archangeli
568 5077 590 5117 s.
608 5062 748 5132 Johannis
773 5063 904 5130 Baptiste
929 5069 959 5116 et
978 5079 999 5115 s.
1019 5062 1096 5117 Petri
1115 5075 1144 5116 et
1164 5061 1242 5118 Pauli
1261 5063 1468 5131 apostolorum‘
1486 5063 1559 5131 Kap.
1570 5063 1594 5132 J.
1615 5091 1648 5102 —

204 5151 234 5218 b)
254 5159 296 5214 ,ut
313 5157 412 5219 supra‘
431 5149 503 5219 Kap.
514 5150 539 5219 J.
568 5179 601 5190 -
631 5157 658 5214 c)
678 5153 837 5222 ,virginum¹
856 5151 896 5207 ln.
922 5182 955 5190 —
982 5152 1012 5217 d)
1033 5151 1166 5212 ‚Tho...
1187 5151 1333 5222 Pragensi‘
1353 5151 1423 5222 Kap.
1438 5151 1460 5222 J.
1490 5181 1517 5189 —-
1545 5154 1574 5219 e)
1597 5153 1648 5223 ‚Jo‘

206 5241 276 5310 Kap.
289 5240 313 5310 J.
333 5269 366 5280 -
386 5239 409 5308 i)
427 5240 492 5294 talis
511 5240 584 5308 Kap.
598 5241 621 5310 J.
643 5268 673 5280 -
694 5242 723 5310 g)
738 5245 783 5305 ,et
802 5241 852 5310 ln,
871 5241 927 5306 ,de‘
942 5241 1014 5310 Kap.
1027 5241 1049 5312 J.
1069 5270 1102 5280 -
1123 5239 1154 5312 h)
1173 5246 1242 5304 ...¹
1262 5241 1333 5310 Kap.
1352 5241 1374 5310 J.
1394 5270 1428 5281 -
1447 5241 1468 5308 i)
1481 5241 1527 5306 ,in‘
1540 5240 1612 5310 Kap.
1626 5243 1650 5310 J.

1504 5346 1537 5401 3*
