4008 5846
931 2093 956 2150 1.

225 2247 256 2311 Τ
252 2249 345 2310 odiat
366 2247 480 2331 biskup
503 2247 653 2328 Praasry'
675 2247 763 2310 addai
786 2250 889 2312 vatici
908 2270 925 2311 0
945 2249 1091 2331 podporu
1119 2269 1161 2310 na
1185 2259 1309 2332 opravu
1331 2249 1454 2313 kostelrl
1480 2261 1514 2334 p.
1547 2251 1664 2326 Maria,

217 2373 266 2418 sv.
300 2353 452 2438 Kris'tofa
483 2377 505 2417 a
535 2375 582 2418 sv.
618 2355 752 2434 Jakuba
786 2377 808 2418 v
844 2355 931 2437 Ty'nl
958 2356 1027 2418 nad
1057 2355 1200 2437 Vltavou,
1224 2357 1314 2420 klerl
1333 2357 1404 2438 byly
1426 2378 1447 2420 v
1470 2358 1550 2422 dota
1569 2358 1665 2422 va‘lek

657 2463 854 2545 apustoieny,
879 2485 900 2526 a
922 2463 1041 2545 slibuje
1064 2463 1227 2544 odpustky.

1075 2675 1104 2738 V
1122 2676 1235 2754 Praae,
1261 2674 1349 2742 1287
1370 2678 1481 2741 br'ezen
1502 2680 1556 2743 23.

327 2873 493 2936 Thobias¹
525 2873 580 2936 dei
612 2874 722 2954 gracia
756 2872 928 2956 Pragensis
961 2874 1138 2954 episcopus
1169 2884 1230 2936 etc.
1264 2877 1424 2936 universis
1455 2872 1577 2938 Christi
1601 2883 1662 2936 etc.

220 2979 400 3060 Quoniam,
424 2989 460 3041 ut
484 2980 529 3041 ait
554 2979 737 3060 apostolus,
763 2998 881 3041 omnes
904 2980 1066 3042 stabimus
1082 2989 1159 3042 ante
1175 2980 1320 3043 tribunal
1345 2977 1475 3056 Christi,
1500 2984 1664 3061 recepturi

219 3099 319 3168 prout
350 3090 382 3150 in
415 3106 556 3164 corpore
588 3087 760 3168 gessimus,
793 3089 860 3148 sive
893 3086 1019 3150 bonum
1053 3087 1159 3166 fuerit,
1191 3091 1257 3149 sive
1283 3089 1416 3164 malum,
1441 3099 1575 3168 oportet
1602 3108 1663 3150 nos

219 3197 308 3258 diem
341 3195 516 3258 messionis
548 3206 698 3255 extreme
731 3195 890 3273 operibus
920 3195 1146 3257 misericordie
1184 3198 1354 3273 prevenire
1397 3217 1437 3258 ac
1471 3205 1662 3259 eternorum

218 3305 338 3366 intuitu
363 3321 403 3364 ea
428 3303 592 3365 seminare
617 3305 651 3364 in
674 3303 779 3374 terris,
804 3320 869 3382 que
886 3301 1046 3364 reddente
1065 3303 1203 3364 domino
1221 3322 1295 3364 cum
1317 3303 1536 3384 multiplicato
1557 3302 1663 3366 fructu

219 3410 412 3491 recolligere
437 3409 606 3471 valeamus
630 3409 663 3470 in
688 3409 774 3482 celis,
799 3408 927 3470 firmam
951 3428 1044 3487 spem
1070 3408 1294 3490 fiduciamque
1318 3421 1477 3489 tenentes,
1505 3414 1663 3491 quoniam

220 3519 276 3598 qui
300 3536 402 3597 parce
426 3517 577 3593 seminat,
602 3535 702 3595 parce
727 3525 760 3576 et
785 3525 896 3593 metet,
921 3525 954 3576 et
977 3519 1034 3595 qui
1058 3517 1200 3578 seminat
1223 3517 1256 3578 in
1281 3517 1587 3593 benediccionibus,
1619 3518 1661 3579 de

218 3625 516 3686 benediccionibus
548 3634 580 3685 et
612 3631 715 3684 metet
746 3624 846 3684 vitam
878 3624 911 3685 in
947 3633 1118 3702 posterum
1154 3626 1399 3702 sempiternam.
1435 3621 1519 3688 Cum
1551 3626 1661 3704 itaque

219 3741 332 3794 sancte
360 3730 474 3806 Marie,
498 3731 604 3792 sancti
629 3725 825 3793 Christofori
843 3739 875 3791 et
891 3730 995 3792 sancti
1013 3729 1127 3792 lacobi
1144 3731 1288 3810 apostoli
1312 3730 1453 3793 ecclesie
1470 3735 1502 3792 in
1520 3725 1624 3793 Thinb
1636 3726 1661 3812 1)

217 3857 410 3920 guerrarum
428 3838 635 3918 temporibus
652 3857 711 3916 per
734 3841 822 3900 viros
838 3837 1007 3898 maleficos
1024 3831 1130 3919 (sint)c
1154 3837 1335 3913 devastate,
1359 3857 1421 3899 nec
1449 3837 1492 3900 ad
1510 3833 1592 3900 hocd
1613 3839 1661 3900 eis

218 3947 353 4026 proprie
377 3954 560 4025 suppetant
584 3943 769 4021 facultates,
793 3941 871 4026 (ut)c
894 3949 927 4006 in
951 3943 1089 4006 edificiis
1113 3948 1189 4020 suis,
1213 3943 1311 4020 libris,
1342 3945 1501 4007 calicibus
1532 3955 1565 4007 et
1596 3945 1659 4008 alio

216 4063 336 4115 ornatu
370 4052 606 4128 ecclesiastico,
631 4049 742 4135 ((ῑυο)0
777 4052 955 4134 indigeant,
989 4045 1160 4134 (valeant)c
1194 4049 1375 4126 reformari,
1416 4052 1660 4114 universitatem

216 4171 360 4223 vestram
387 4178 555 4242 rogamus,
580 4178 756 4220 monemus
780 4169 813 4221 et
838 4163 986 4221 ortamur
1010 4167 1147 4234 attente,
1171 4159 1451 4221 inremissionem
1475 4167 1659 4220 vestrorum

215 4268 310 4330 vobis
346 4268 577 4347 peccaminum
610 4268 827 4350 iniungentes,
851 4277 1016 4347 quatenus
1040 4267 1082 4329 ad
1108 4264 1382 4328 reformacionem
1408 4265 1592 4344 predictam
1616 4267 1659 4328 de

216 4375 315 4436 bonis
339 4393 358 4434 a
386 4373 452 4436 deo
476 4374 570 4436 vobis
593 4373 721 4436 collatis
744 4384 872 4436 vestras
895 4374 967 4453 pias
991 4373 1189 4434 elemosinas
1221 4381 1255 4434 et
1285 4381 1379 4453 grata
1411 4371 1559 4435 caritatis
1582 4373 1658 4434 sub-

216 4481 300 4542 sidia
325 4481 437 4543 taliter
461 4499 599 4562 erogare
623 4481 754 4556 curetis,
779 4500 853 4543 cum
879 4501 979 4561 super
1003 4481 1067 4542 hoc
1091 4478 1216 4542 fueritis
1241 4474 1439 4561 (requisiti),e
1463 4487 1500 4540 ut
1516 4498 1576 4558 per
1596 4479 1659 4541 hec

214 4601 248 4650 et
278 4589 342 4650 alia
366 4588 463 4663 bona,
488 4608 552 4669 que
576 4589 714 4650 domino
739 4590 922 4666 inspirante
952 4586 1103 4663 feceritis,
1129 4587 1172 4648 ad
1196 4595 1309 4648 eterne
1333 4588 1469 4664 possitis
1494 4585 1658 4648 felicitatis

214 4696 338 4777 gaudia
362 4696 543 4774 pervenire.
571 4694 642 4758 Nos
666 4697 753 4757 enim
778 4695 821 4756 de
845 4695 1081 4774 omnipotentis
1105 4693 1159 4756 dei
1174 4693 1402 4755 misericordia
1418 4701 1452 4754 et
1467 4702 1659 4755 sanctorum

214 4805 286 4865 eius
312 4804 438 4865 meritis
453 4813 486 4865 et
502 4803 797 4865 intercessionibus
814 4801 1030 4880 confidentes,
1054 4800 1210 4864 omnibus
1226 4801 1320 4862 vobis
1335 4819 1411 4862 vere
1434 4800 1659 4879 penitentibus

215 4919 248 4971 et
264 4909 435 4985 confessis
451 4911 507 4990 qui
524 4911 566 4973 ad
584 4910 770 4991 predictam
784 4909 1060 4972 reformacionem
1077 4927 1211 4970 manum
1226 4906 1442 4988 porrexeritis
1454 4907 1658 4980 adiutricem,

299 5119 350 5188 a)
370 5119 411 5181 ,E‘
433 5119 507 5188 Kap.
524 5119 547 5188 J.
568 5149 601 5158 -
621 5120 651 5186 b)
671 5119 773 5173 Schazi
791 5135 810 5171 v
829 5119 900 5185 Kap.
921 5119 944 5186 J.
971 5147 1003 5156 -
1026 5121 1053 5186 c)
1073 5117 1227 5185 boplneno
1246 5117 1294 5169 dle
1314 5117 1383 5184 Kap.
1402 5115 1424 5184 l.
1445 5145 1476 5154 -
1498 5115 1528 5184 d)
1544 5115 1656 5178 ,adhuc‘

214 5208 286 5277 Kap.
303 5207 325 5278 J.
350 5239 374 5246 -
401 5209 428 5275 e)
443 5208 596 5277 Doplneno
616 5209 664 5262 dle
683 5209 738 5262 Mn.
758 5222 775 5260 a
794 5208 867 5274 Kap.
878 5206 902 5275 J.

267 5331 289 5385 J.
302 5332 327 5374 Β.
338 5333 455 5376 Novak:
473 5332 592 5375 Fornulss
601 5332 699 5384 bialrupa
710 5331 810 5372 Tobials‘e
825 5343 836 5371 ι
847 5329 961 5382 Bechyne.
1534 5318 1548 5364 1
