3968 5848
894 379 945 429 145

201 591 367 669 dyaconus
401 602 579 674 totumque
614 593 853 658 Olomucensis
887 595 1028 658 ecclesie
1063 595 1245 674 capitulum
1282 597 1423 659 devotas
1456 600 1641 674 oraciones,

199 700 403 780 obsequium,
427 701 650 764 reverenciam
674 710 708 764 et
731 702 894 765 honorem
919 705 1098 766 continuos
1123 704 1256 765 debitos
1280 713 1313 765 et
1336 715 1480 782 paratos.
1506 702 1641 783 Quanto

199 807 390 884 ampliorem
422 809 509 870 circa
540 809 772 886 proximorum
803 809 1019 872 incommoda
1051 812 1264 872 sanctitatem
1295 811 1503 890 paternitatis
1532 821 1641 874 vestre

199 914 434 991 congnovimus
457 917 594 978 uberius
616 935 732 997 gerere
765 917 1060 997 compassionem,¹
1084 925 1179 979 tanto
1212 917 1443 980 confidencius
1467 917 1510 979 ad
1534 927 1642 980 vestre

197 1021 300 1082 sinum
324 1023 526 1084 recurrimus
550 1024 690 1102 pietatis,
716 1022 936 1087 lamentosam
952 1024 1049 1086 vobis
1073 1032 1106 1086 et
1130 1023 1173 1085 de
1197 1025 1293 1086 vobis
1317 1025 1558 1105 querimoniam
1585 1025 1641 1087 de·

197 1137 353 1204 ponentes
378 1148 498 1206 exce,
522 1131 613 1210 quod
638 1131 795 1193 dominus
822 1130 938 1194 Milota
963 1131 1056 1193 de..
1082 1180 1089 1207 ,
1114 1131 1215 1193 irater
1238 1140 1357 1208 vester,
1389 1152 1500 1213 aquo
1525 1135 1641 1212 pocius

196 1236 415 1314 proteccionis
453 1237 674 1316 sperabamus
705 1237 896 1318 presidium,
927 1237 970 1300 de
1006 1239 1103 1301 bonis
1145 1237 1285 1302 ecclesie
1316 1249 1424 1302 vestre
1463 1240 1525 1302 sibi
1557 1240 1639 1303 obli-

195 1343 275 1422 gatis
322 1343 355 1404 in
402 1341 555 1426 Cogetyn
601 1347 701 1408 nobis
748 1354 782 1409 et
827 1345 967 1408 ecclesie
1013 1355 1126 1409 nostre
1172 1346 1205 1407 in
1243 1345 1326 1408 villis
1364 1346 1637 1410 obedienciarum

195 1459 389 1527 nostrarum,
429 1451 659 1516 adiacentibus
707 1455 802 1516 bonis
849 1456 973 1528 vestris,
1012 1455 1146 1514 incursu
1193 1451 1327 1533 publico
1367 1454 1550 1534 dampnum
1596 1452 1640 1514 ad

196 1556 299 1618 minus
338 1567 560 1622 trecentarum
597 1579 784 1622 marcarum
822 1559 984 1622 hostiliter
1014 1561 1170 1641 irrogavit
1209 1571 1242 1622 et
1277 1570 1386 1622 castra
1420 1571 1564 1623 metatus
1606 1564 1639 1623 in

195 1663 246 1738 eis,
270 1664 408 1727 easdem
431 1685 508 1728 cum
531 1669 600 1729 suis
632 1667 852 1746 complicibus
885 1668 996 1746 posuit
1027 1665 1096 1729 fere
1120 1668 1255 1746 penitus
1279 1667 1457 1732 desolatas.
1486 1667 1530 1730 Et
1552 1672 1639 1750 quia,

194 1771 245 1850 qui
270 1775 486 1836 occasionem
511 1774 648 1854 dampni
665 1774 731 1850 dat,
757 1775 942 1852 dampnum
959 1773 1093 1837 dedisse
1109 1774 1287 1845 videretur,
1311 1775 1453 1854 suplices
1478 1784 1511 1836 et
1526 1776 1640 1837 cernui

195 1877 322 1954 devote,
347 1879 513 1943 humiliter
536 1890 570 1943 et
593 1881 754 1943 instanter
771 1900 885 1944 coram
914 1889 1023 1944 vestre
1048 1881 1189 1962 genibus
1214 1899 1376 1962 generose
1400 1884 1641 1960 prosternimur

194 1986 331 2062 pietatis,
360 1989 478 2069 iugiter
514 1999 707 2068 exorantes
744 1998 910 2070 quatenus
945 1988 1044 2051 nobis
1068 1997 1101 2048 et
1126 1989 1266 2050 ecclesie
1300 1997 1413 2050 nostre
1445 1990 1640 2050 innocenter

194 2089 323 2156 afflictis
348 2094 609 2157 misericorditer
632 2099 781 2176 compati
805 2107 839 2157 et
863 2116 939 2158 cum
971 2095 1073 2158 fratre
1097 2103 1208 2157 vestro
1233 2095 1385 2175 predicto
1410 2096 1452 2159 de
1476 2097 1640 2176 preteritis

194 2197 494 2264 restauracionemb
516 2205 765 2284 gravaminibus
801 2213 902 2284 atque
926 2203 1082 2284 dampnis
1106 2211 1139 2264 et
1161 2221 1263 2281 super
1286 2201 1403 2265 futuris
1426 2201 1566 2264 salubris
1591 2221 1639 2263 re·

193 2307 290 2370 medii
316 2309 500 2382 presidium
531 2312 683 2392 graciosa
707 2320 815 2373 vestre
838 2311 973 2392 pietatis
1006 2311 1197 2372 reverencia
1222 2318 1255 2370 et
1279 2310 1461 2372 reverenda
1484 2309 1640 2391 dignetur

192 2417 300 2494 gracia
323 2417 507 2496 graciosius
523 2418 690 2480 ordinare.
716 2417 770 2480 Ad
786 2427 916 2480 tantam
932 2417 1096 2498 siquidem
1115 2425 1296 2497 egestatem
1321 2417 1522 2493 devenimus,
1546 2415 1638 2496 quod

193 2522 309 2583 eadem
328 2521 485 2603 dampna,
509 2525 586 2587 licet
603 2525 698 2588 vobis
713 2518 917 2608 gratis[simi]
935 2516 1154 2606 fui[sse]musc
1171 2571 1288 2600 ......
1313 2541 1380 2585 non
1397 2515 1552 2585 sinimus‘l
1575 2541 1637 2584 nec

192 2629 340 2692 valemus
375 2631 437 2694 sub
476 2632 747 2695 dissimulacione
782 2631 992 2713 aliquatenus
1030 2632 1241 2710 pertransire.
1295 2627 1452 2694 Ceterum
1486 2628 1635 2692 elevacio

192 2739 320 2819 aggeris
344 2739 470 2818 piscine
502 2747 610 2801 vestre
634 2739 666 2801 in
692 2737 845 2823 Cogetyn
876 2740 1049 2802 dimidiam
1074 2739 1172 2800 nobis
1203 2737 1311 2800 villam
1336 2737 1515 2799 submersit
1538 2745 1572 2798 et
1595 2735 1638 2798 de

191 2846 356 2908 manubiis
373 2845 534 2909 ruriculas
551 2848 648 2910 eiecit
662 2846 833 2929 violenter,
858 2845 950 2928 quod
969 2847 1069 2908 etiam
1086 2843 1314 2925 supplicamus
1330 2845 1374 2906 de
1391 2843 1638 2925 magnificencie

193 2950 427 3015 habundancia
458 2956 640 3028 retractari,
672 2955 753 3018 alias
777 2955 810 3017 in
834 2974 875 3017 eo
900 2952 1141 3030 compellemur
1173 2952 1250 3014 iuris
1274 2951 1428 3033 suffragia
1460 2951 1637 3031 inplorare.

192 3056 315 3122 Datum
339 3069 402 3123 etc.

296 3199 358 3254 Fol.
379 3198 422 3252 28'
442 3197 465 3252 ἐ.
481 3203 539 3252 184.
561 3199 795 3269 Chronologicke
814 3214 895 3252 meze
915 3199 989 3252 dava
1011 3205 1126 3253 tomuto
1148 3200 1213 3252 listu
1232 3199 1342 3269 jednak
1360 3197 1502 3266 povyseni
1521 3197 1636 3266 Cyrovo

191 3305 225 3341 na
245 3289 426 3356 proboststvl
444 3290 531 3354 (roku
553 3292 620 3342 1281
642 3289 736 3344 dervc.
757 3294 789 3342 15
807 3291 836 3358 je
855 3289 930 3358 jeite
949 3288 1132 3357 arcijdhnem,
1153 3287 1252 3341 Emler
1269 3287 1327 3342 RB.
1347 3286 1371 3340 ll
1390 3287 1413 3340 ὃ.
1429 3292 1507 3350 1243,
1526 3303 1548 3339 r.
1568 3289 1638 3340 1282

190 3377 283 3430 dervc.
303 3382 338 3431 29
357 3393 389 3431 se
409 3378 563 3448 vyslrytuje
577 3381 689 3446 poprve
707 3379 776 3446 iako
795 3378 926 3447 probodt,
945 3377 1052 3431 tamtei
1071 3375 1200 3444 e.1279),
1219 3377 1327 3444 jednak
1346 3377 1519 3430 ustanoveni
1538 3376 1637 3444 Miloty

191 3468 357 3533 purkrabim
378 3483 396 3520 v
416 3466 581 3531 Olomouci,
611 3469 663 3520 coi
689 3483 721 3520 se
745 3467 820 3521 stalo
840 3483 857 3519 v
877 3467 934 3520 lete
960 3484 980 3520 r.
1003 3469 1079 3522 1289.
1119 3465 1200 3520 Srov.
1220 3466 1245 3520 ὄ.
1266 3470 1317 3519 192
1342 3466 1443 3535 sbirlry
1461 3465 1636 3533 Tobiasovy.

191 3555 243 3610 Dle
261 3558 365 3610 tohoto
385 3557 451 3610 listu
472 3557 640 3625 purkrabim
658 3556 732 3626 1εέτό
752 3557 819 3610 neni
847 3555 929 3610 Srov.
948 3557 994 3610 tei
1014 3555 1038 3610 ὖ.
1059 3561 1119 3610 172.

879 3794 950 3855 185.

188 3933 312 4016 Biskup
343 3935 461 3999 Tobia'i
485 3939 655 4019 potvrzuje
685 3936 855 4012 darovrim',
877 3937 969 4018 jz'md
994 3936 1152 4010 Jindrb'clr
1184 3933 1425 3998 zRodmberka
1456 3954 1477 3995 a
1508 3931 1634 4014 Vrp'tdch

189 4062 225 4104 ae
237 4041 386 4125 Stropnic
400 4043 545 4107 klddteru
561 4065 598 4106 ve
618 4043 743 4124 Vyr‘tlm
757 4044 863 4107 Brodv
876 4043 997 4126 dctvajz'
1014 4043 1208 4123 patrona‘tnt'
1222 4042 1329 4123 pra'vo
1344 4041 1464 4104 kostelrl
1481 4061 1502 4102 v
1517 4040 1633 4102 Rodm-

717 4151 815 4214 berku
838 4173 859 4212 a
884 4149 1095 4233 Stropniciclz.

1200 4235 1306 4320 (1290
1325 4236 1435 4300 br'eaen
1457 4233 1526 4316 20).

256 4381 420 4446 Dominus
443 4386 624 4463 episcopus
648 4384 821 4446 confirmat
844 4383 1002 4446 ecclesias
1023 4385 1055 4445 in
1075 4381 1263 4445 Rosmberk
1287 4391 1320 4443 et
1342 4384 1375 4443 in
1392 4377 1567 4459 Stropnicz

254 4488 370 4554 Ottoni
402 4489 514 4553 abbati
547 4499 580 4553 et
612 4493 788 4553 conventui
820 4509 858 4552 ac
882 4491 1085 4552 monasterio
1118 4493 1268 4570 ipsorum
1296 4492 1329 4551 in
1359 4487 1438 4550 Alto
1465 4485 1565 4548 Vado

254 4597 379 4659 ordinis
396 4599 617 4661 cisterciensis
637 4598 734 4660 datas
760 4617 819 4677 per
836 4598 1008 4660 dominum
1026 4596 1211 4660 Henricum
1236 4597 1361 4660 dictum
1379 4596 1422 4658 de
1439 4593 1563 4656 Roseu-

373 4705 456 4768 berk
479 4715 514 4767 et
538 4725 598 4786 per
621 4705 797 4768 dominum
823 4705 1000 4767 Albertum
1025 4703 1153 4766 dictum
1178 4704 1221 4766 de
1246 4701 1446 4783 Stropnicz.e

292 4847 329 4909 ln
353 4849 488 4911 nomine
521 4849 651 4911 domini
683 4867 789 4911 amen.
832 4847 904 4910 Nos
928 4845 1107 4924 Th(obias)
1141 4845 1196 4909 dei
1221 4848 1332 4928 gracia
1356 4845 1530 4926 Pragensis
1566 4845 1633 4923 epi-

188 4972 309 5033 scopus
332 4955 489 5018 omnibus
513 4957 545 5018 in
571 4965 779 5036 perpetuum.
805 4953 889 5018 Cum
907 4954 1037 5016 anobis
1063 4957 1194 5033 petitur,
1220 4953 1312 5035 quod
1336 4953 1458 5014 iustum
1483 4960 1541 5026 est,
1565 4961 1633 5013 tam

189 5077 398 5088 —————.—.

290 5133 317 5194 a)
329 5145 438 5200 ,regere
448 5131 668 5198 compassivam‘
680 5130 719 5183 ln.
734 5159 769 5168 -
782 5129 812 5196 b)
822 5131 1005 5192 ,restaurum‘
1015 5127 1054 5182 ln.
1070 5157 1103 5166 -
1118 5131 1144 5194 c)
1156 5127 1356 5181 Pokradovam
1372 5129 1433 5180 teto
1443 5127 1510 5196 vety
1523 5123 1631 5178 nahoie

188 5234 221 5274 na
234 5221 326 5291 olrraji
340 5221 454 5274 vazbou
473 5235 491 5272 v
504 5219 586 5274 deice
600 5219 650 5290 3¹l,
667 5235 720 5275 cm.
734 5219 889 5273 seiiznuto.
906 5247 937 5256 -
952 5217 983 5286 d)
997 5219 1134 5284 ,sinimur‘
1149 5217 1189 5270 ln.
1203 5247 1231 5256 -
1246 5219 1274 5286 e)
1287 5217 1396 5284 Nadpis
1410 5215 1507 5270 schazl
1524 5230 1542 5266 v
1562 5215 1633 5283 orig.

237 5344 256 5396 J.
268 5345 294 5386 B.
306 5344 367 5386 Nov
375 5345 421 5386 dlv:
437 5343 555 5386 Fomullr
566 5343 665 5395 biskupa
675 5343 775 5384 Tobisse
791 5355 803 5383 s
817 5341 931 5393 Bechyne.
1485 5326 1519 5375 10
