3988 5844
1025 427 1076 474 214

330 647 430 719 atque
455 659 514 718 per
538 649 674 702 octavas
700 640 927 720 predictorum
958 638 1121 703 festorum
1146 659 1248 702 causa
1272 638 1465 701 devocionis
1489 639 1700 712 accesserint,
1724 637 1776 698 vel

328 747 372 808 ad
397 758 593 809 ornamenta
618 747 769 810 eiusdem
787 747 928 810 ecclesie
944 766 1003 810 seu
1020 747 1194 810 luminaria
1211 765 1328 809 manus
1353 744 1564 824 porrexerint
1587 744 1777 819 adiutrices,

331 863 388 916 aut
423 857 456 916 in
488 855 646 916 extremis
681 853 875 918 laborantes
910 856 1089 936 quicquam
1124 853 1321 917 facultatum
1357 871 1491 916 suarum
1527 851 1709 934 legaverint
1732 851 1775 913 ad

331 963 483 1034 eandem,
508 963 575 1024 sive
599 962 823 1041 presbiterum
847 962 890 1024 de
914 959 1044 1042 prefata
1056 963 1199 1024 ecclesia
1211 963 1379 1024 infirmum
1392 979 1469 1022 curn
1493 978 1637 1038 corpore
1652 957 1776 1022 Christi

329 1069 518 1130 visitantem
542 1070 646 1130 secuti
673 1067 793 1131 fuerint
818 1070 872 1148 pia
896 1079 1017 1144 mente,
1049 1067 1099 1131 vel
1124 1071 1179 1150 qui
1204 1069 1407 1131 accesserint
1431 1085 1507 1128 cum
1533 1069 1719 1130 devocione
1742 1075 1777 1128 et

331 1179 520 1237 reverencia
551 1175 594 1236 ad
620 1175 793 1238 ecclesiam
827 1195 886 1238 seu
911 1176 1022 1238 locum
1054 1195 1298 1256 quemcunque,
1330 1175 1387 1237 ubi
1419 1174 1560 1236 dilectus
1583 1175 1616 1236 in
1640 1171 1772 1236 Christe
1806 1199 1807 1202 ¹

332 1281 511 1361 Adolphus
535 1283 644 1344 dictus
669 1283 711 1344 de
730 1281 833 1359 Belyn
862 1282 1052 1362 capellanus
1069 1283 1169 1345 incliti
1193 1286 1279 1366 regis
1295 1281 1456 1344 Bohemie
1483 1283 1619 1344 missam
1642 1279 1775 1342 sollem-

334 1408 433 1467 pnem
457 1389 674 1452 celebraverit
689 1399 747 1452 aut
763 1390 886 1452 dixerit
911 1391 1049 1452 verbum
1067 1390 1130 1466 dei,
1153 1390 1215 1453 XL
1238 1391 1310 1452 dies
1334 1391 1480 1451 iniuncte
1505 1389 1692 1468 penitencie
1717 1388 1772 1448 mi·

331 1497 543 1559 sericorditer
566 1497 774 1578 dignoscitur
799 1496 989 1572 contulisse,
1015 1497 1079 1559 hoc
1103 1498 1246 1574 adiecto,
1269 1497 1361 1578 quod
1388 1545 1419 1563 ..
1443 1507 1477 1558 et
1501 1543 1533 1558 ..
1558 1497 1685 1558 domini
1709 1495 1777 1574 epi-

294 1671 296 1678 ,
331 1607 427 1682 scopi
451 1605 633 1681 supradicti
657 1605 700 1666 de
723 1605 836 1687 gracia
864 1605 1014 1684 ipsorum
1038 1604 1174 1685 speciali
1197 1606 1354 1668 omnibus
1378 1605 1435 1678 eis,
1459 1607 1516 1685 qui
1540 1603 1646 1665 altare
1670 1603 1776 1664 sancti

332 1711 523 1774 Wenceslai
554 1712 586 1772 in
611 1711 730 1774 eadem
765 1711 907 1774 ecclesia
941 1712 983 1773 de
1008 1706 1141 1794 (Relyn)
1173 1711 1308 1793 singulis
1340 1712 1461 1773 diebus
1485 1711 1664 1773 dominicis
1688 1719 1721 1770 et
1744 1709 1776 1770 in

331 1820 404 1899 ipso
429 1819 483 1881 die
508 1821 612 1882 sancti
630 1817 823 1881 Wenceslai
847 1820 988 1882 martiris
1004 1820 1206 1881 visitaverint
1222 1839 1298 1881 cum
1315 1839 1363 1898 ea,
1379 1839 1445 1900 qua
1462 1819 1569 1894 decet,
1586 1817 1775 1880 reverencia

332 1926 525 2000 ethonore,
560 1933 716 2007 uterque·
748 1945 863 1989 eorum
887 1925 950 1988 XL
973 1925 1102 1988 dierum
1136 1927 1382 2009 indulgenciam
1418 1923 1559 1988 contulit
1589 1924 1777 2000 liberaliter,

333 2043 433 2111 prout
463 2035 495 2094 in
520 2052 635 2095 eorum
671 2033 786 2095 litteris
810 2053 911 2112 super
943 2033 1008 2095 hoc
1033 2033 1194 2096 confectis
1228 2053 1295 2096 non
1318 2034 1453 2106 viciatis,
1482 2051 1549 2097 non
1582 2029 1777 2094 cancellatis

333 2159 395 2202 uec
421 2141 451 2202 in
477 2141 587 2221 aliqua
608 2149 701 2219 parte
727 2143 778 2202 sui
802 2139 944 2216 abolitis,
968 2161 1044 2203 cum
1069 2143 1155 2204 veris
1180 2142 1330 2220 ipsorum
1354 2139 1474 2222 sigillis,
1499 2160 1584 2221 quas
1607 2158 1670 2202 nos
1694 2136 1776 2199 vidi·

332 2265 406 2309 mus
430 2257 463 2309 et
478 2248 629 2330 legimus,
652 2247 780 2327 plenius
797 2251 994 2326 continetur,
1019 2257 1107 2311 ratas
1123 2258 1155 2310 et
1171 2255 1282 2330 gratas
1300 2247 1463 2310 habentes
1487 2267 1528 2308 ac
1551 2267 1610 2310 eas
1633 2247 1776 2308 auctori-

332 2363 401 2417 tate
425 2374 491 2435 qua
515 2354 682 2438 fungimur
714 2355 960 2430 confirmantes,
990 2355 1052 2418 XL
1075 2355 1147 2418 dies
1171 2357 1379 2417 auctoritatis
1415 2363 1528 2417 nostre
1552 2355 1648 2416 vobis
1672 2352 1777 2415 eciam

334 2463 489 2524 omnibus
512 2480 587 2523 vere
612 2463 839 2541 penitentibus
864 2471 898 2524 et
921 2461 1091 2539 confessis,
1115 2463 1171 2543 qui
1195 2465 1226 2524 in
1249 2461 1485 2524 festivitatibus
1509 2461 1709 2541 supradictis
1733 2459 1775 2522 ad

334 2568 496 2648 prefatam
532 2568 708 2632 ecclesiam
733 2571 765 2631 in
790 2565 923 2649 (Belyn)
955 2589 1057 2632 causa
1089 2569 1282 2632 devocionis
1313 2571 1525 2632 accesseritis
1549 2569 1721 2630 annuatim
1744 2577 1778 2628 et

334 2693 374 2736 ea
398 2684 566 2738 sectantes
597 2673 747 2746 feceritis,
780 2676 822 2738 de
847 2678 968 2756 quibus
992 2679 1026 2738 in
1050 2677 1168 2740 litteris
1199 2677 1427 2756 predictorum
1460 2688 1593 2754 patrum
1625 2675 1778 2754 superius

333 2791 384 2844 est
406 2801 614 2860 expressum,
639 2782 681 2844 de
706 2784 944 2861 omnipotentis
968 2784 1022 2846 dei
1038 2783 1266 2847 misericordia
1291 2795 1324 2846 et
1340 2793 1533 2847 sanctorum
1558 2785 1630 2846 eius
1653 2781 1778 2845 meritis

334 2898 367 2951 et
391 2891 685 2952 intercessionibus
709 2890 926 2967 confidentes,
959 2892 1217 2954 misericorditer
1241 2892 1400 2954 duximus
1432 2890 1662 2954 annectendas
1685 2891 1778 2951 testi·

335 2999 448 3058 monio
473 2997 570 3060 buius
594 2997 718 3075 scripti.
743 2997 867 3060 Datum
892 3017 981 3060 anno
1006 3009 1067 3061 etc.

442 3190 497 3243 Mn.
517 3191 560 3243 rlr.
580 3188 628 3242 sol.
649 3193 700 3244 129
719 3189 742 3242 d.
762 3193 797 3242 80
811 3189 930 3256 (Tadra,
952 3189 1075 3244 Vestnllr
1089 3191 1130 3243 kr.
1145 3191 1202 3244 des.
1217 3192 1290 3258 spol.
1304 3193 1383 3244 nauk
1398 3193 1466 3244 1889
1480 3197 1515 3244 st.
1535 3193 1587 3245 116
1607 3190 1631 3244 ὅ.
1645 3188 1778 3258 XXXII).

335 3277 528 3332 Srovnfme·li
553 3279 650 3332 listinu
670 3285 734 3332 tuto
754 3295 768 3332 s
788 3279 812 3332 ὅ.
835 3284 876 3340 19,
896 3282 1092 3348 pozorujeme,
1120 3280 1153 3332 le
1172 3289 1231 3333 tarn
1249 3281 1299 3348 jde
1315 3281 1383 3333 take
1402 3295 1420 3333 0
1440 3280 1636 3333 krdlovslreho
1656 3279 1781 3346 kaplana

334 3367 439 3422 Adolfa
458 3385 474 3421 a
494 3368 642 3438 odpustlty
668 3367 784 3421 udilene
803 3369 870 3428 tem,
897 3369 974 3422 kdof
999 3385 1031 3424 se
1056 3369 1185 3424 addastnl
1205 3369 1259 3423 msi
1282 3369 1333 3438 iim
1358 3368 1541 3438 stoutenvcli.
1570 3367 1633 3436 Jest
1657 3367 1777 3436 pravd6·

336 3459 483 3526 podobno,
503 3459 536 3511 ie
555 3459 611 3512 obe
630 3466 662 3527 ty
681 3459 776 3529 listiny
796 3460 842 3512 ani
862 3459 959 3514 datem
980 3461 1080 3529 neisou
1101 3460 1207 3513 daleko
1227 3460 1267 3514 od
1286 3460 1365 3512 sebe.

340 5197 549 5210 ————

446 5279 473 5342 a)
493 5275 625 5344 ,utrique¹
645 5275 701 5327 Mn.
