3988 5844
894 439 942 488 175

877 654 952 716 230.

196 799 318 878 Bt'skup
344 793 494 882 (solut)
518 799 701 880 blulzopr‘eye
726 797 829 872 (kra'li
858 791 1043 875 Vdclavovi)
1068 793 1090 855 k
1112 792 1294 876 dsplclulm,
1320 795 1412 875 pr'q'e
1435 813 1490 853 mu
1513 795 1637 872 s'tastny‘

671 903 792 966 ndvvat
812 924 834 964 a
858 901 972 984 dlkuje
994 923 1035 964 aa
1056 902 1163 984 proni.

1148 1039 1256 1124 (1289
1273 1052 1313 1124 po
1340 1041 1385 1105 15
1405 1037 1528 1122 srpnu).

238 1189 429 1270 Episcopus
453 1189 699 1272 congaudendo
724 1190 767 1252 de
791 1189 934 1252 sanitate
958 1198 991 1250 et
1015 1190 1238 1267 prosperitate
1272 1186 1356 1270 regis
1380 1185 1593 1265 conqueritur

678 1297 721 1359 de
746 1298 938 1378 captivitate
962 1293 1072 1358 fratris
1095 1296 1154 1358 sui.

299 1437 352 1500 Ex
370 1440 511 1502 intimis⁸
535 1439 788 1520 precordiorum
813 1449 1004 1502 nostrorum
1028 1437 1204 1501 affectibus
1229 1456 1311 1517 pura
1327 1437 1394 1498 fide
1419 1435 1640 1497 iocundamur

191 1564 291 1626 quarn
329 1545 506 1625 plurimum
538 1555 572 1608 et
595 1547 781 1628 gaudemus
812 1565 856 1607 ex
881 1566 930 1624 eo,
963 1546 1055 1626 quod
1088 1545 1199 1608 divine
1230 1545 1497 1621 dispensacionis
1528 1541 1638 1623 gracia

192 1672 258 1714 non
282 1653 390 1714 solum
415 1653 596 1716 maiestatis
618 1662 726 1714 vestre
751 1652 1001 1732 precellenciam
1033 1654 1187 1734 dignatur
1219 1669 1333 1714 sanam
1366 1659 1399 1711 et
1422 1641 1639 1712 incolumemb

191 1778 398 1835 conservare,
422 1779 537 1821 verum
561 1761 660 1821 etiam
685 1779 861 1823 successus
885 1769 1014 1822 vestros
1038 1779 1096 1840 per
1118 1760 1205 1820 viam
1230 1777 1425 1837 prosperam
1450 1755 1639 1836 dirigendoc

193 1867 234 1928 ad
258 1877 367 1928 vestra
392 1865 574 1930 efficaciter
597 1867 755 1947 dignatur
779 1866 988 1946 beneplacita
1020 1867 1186 1942 inclinare,
1217 1867 1251 1928 in
1270 1866 1397 1945 ¹quibus
1428 1872 1496 1925 tam
1529 1861 1638 1924 salute

191 1967 309 2052 quamd
333 1977 556 2051 prosperitate
574 1973 777 2036 excellencie
801 1983 910 2036 vestre
933 1983 1047 2036 nostra
1064 1983 1097 2036 et
1113 1971 1255 2035 aliorum
1270 1975 1420 2034 omnium
1437 1969 1583 2032 fidelium
1608 1968 1639 2029 in

194 2099 293 2162 regno
318 2090 429 2142 vestro
447 2082 732 2146 commorancium
756 2081 855 2156 salus,
880 2102 949 2161 pax
965 2091 998 2142 et
1014 2082 1218 2160 prosperitas
1242 2081 1439 2141 consistunt.
1464 2076 1537 2138 Nos
1552 2077 1639 2136 enim

193 2207 266 2248 cum
292 2186 383 2249 clero
408 2197 521 2250 nostre
546 2187 700 2264 dyocesis
725 2189 879 2250 universo
904 2197 1003 2250 nocte
1020 2188 1143 2268 dieque
1160 2187 1216 2249 dei
1233 2185 1473 2264 omnipotentis
1497 2184 1639 2246 clemen·

192 2297 276 2355 ciam
294 2313 482 2369 exoramus,
507 2303 544 2357 ut
559 2304 721 2370 tenemur,
745 2304 782 2357 ut
805 2303 913 2356 vestre
937 2296 1121 2357 maiestatis
1143 2292 1452 2376 magnificenciame
1476 2293 1509 2353 in
1529 2289 1639 2351 votivo

193 2413 225 2462 et
249 2403 348 2479 pleno
373 2411 461 2463 statu
485 2402 635 2464 sanitatis
659 2403 703 2464 ad
735 2423 796 2465 nos
820 2411 853 2462 et
878 2402 1030 2464 subditos
1058 2411 1186 2464 vestros
1218 2418 1294 2463 cum
1325 2389 1571 2480 prosperitates
1592 2415 1640 2456 re·

193 2507 301 2570 ducat.
327 2507 371 2570 Et
395 2510 472 2590 quia
496 2528 557 2571 nos
582 2511 697 2573 vestris
722 2510 854 2571 visitare
878 2509 1058 2590 dignamini
1084 2507 1198 2584 literis,
1223 2528 1272 2582 ea,
1297 2526 1362 2602 que
1379 2506 1517 2568 honoris
1540 2505 1639 2564 vestri

193 2617 323 2692 pariunt
347 2617 560 2693 incrementa,
585 2617 628 2678 ad
645 2617 836 2698 augendam
852 2618 1051 2698 gaudiorum
1068 2628 1260 2679 nostrorum
1277 2615 1451 2677 materiam
1468 2619 1640 2689 tamquam

192 2724 265 2800 pius
290 2730 403 2784 noster
427 2723 587 2786 naturalis
611 2732 644 2786 et
668 2723 842 2786 benivolus
869 2723 1025 2785 dominus
1054 2723 1249 2796 intimando,
1281 2723 1464 2803 graciarum
1490 2715 1640 2798 proinde,

192 2847 407 2910 quascunque
425 2848 612 2908 possumus,
637 2829 810 2893 referimus
835 2831 967 2909 hylares
992 2840 1025 2892 et
1040 2833 1162 2894 uberes
1186 2831 1349 2906 acciones,
1372 2829 1525 2903 scientes,
1549 2824 1640 2904 quod

193 2954 253 2997 nos
280 2936 398 2997 vestris
422 2937 589 2998 mandatis
614 2939 646 2999 in
671 2937 742 3013 hiis,
774 2957 840 3018 que
864 2939 897 3000 in
921 2937 1023 3000 literis
1048 2940 1235 3018 recepimus
1259 2945 1367 2998 vestre
1392 2932 1642 3017 magnificencie

192 3042 287 3105 nobis
313 3045 428 3120 missis,
452 3050 486 3104 et
509 3043 581 3106 aliis
605 3046 760 3107 omnibus
791 3053 862 3106 toto
893 3053 1047 3124 tempore
1082 3049 1148 3108 vite
1184 3055 1297 3107 nostre
1321 3043 1473 3106 volumus
1497 3051 1530 3103 et
1554 3039 1640 3102 desi·

191 3149 349 3212 deramus
372 3149 557 3214 servencius
582 3151 800 3231 complacere.

299 3325 359 3378 Fol.
379 3329 413 3376 37
444 3325 467 3379 d.
497 3331 558 3379 230.
588 3325 760 3385 Srovndnim
788 3343 802 3379 s
828 3329 921 3382 listem
951 3329 974 3384 ἐ.
1002 3333 1053 3383 192
1079 3327 1187 3382 vidime
1214 3326 1369 3395 napadnou
1397 3325 1502 3389 shodu,
1528 3324 1584 3393 jest
1608 3330 1640 3375 to

192 3413 303 3466 vlastnd
321 3413 369 3483 tvi
389 3415 436 3468 list
455 3415 594 3482 ponekud
613 3415 708 3485 jinade
727 3417 904 3486 stilisovant.
934 3417 992 3472 Zde
1010 3420 1075 3485 jsou
1104 3417 1275 3486 vynechany
1304 3415 1424 3469 nektere
1451 3415 1542 3466 vdcne
1568 3411 1639 3466 desti

193 3503 257 3556 listu
278 3502 301 3556 d.
323 3507 375 3556 192
393 3503 462 3572 jako
482 3520 499 3557 ο
520 3503 672 3558 kniiatech
692 3505 833 3575 polsklch
852 3523 869 3560 a
889 3509 1017 3576 zejmena
1036 3523 1055 3561 o
1074 3507 1158 3576 vajeti
1177 3507 1274 3560 bratra
1293 3506 1463 3572 biskupova,
1483 3503 1516 3556 ad
1536 3501 1639 3568 nadpis

192 3591 310 3644 ktomu
329 3591 502 3661 poukazuje.
532 3592 626 3646 Mame
654 3595 708 3646 zde
735 3594 838 3661 patrue
858 3595 937 3664 dvoji
956 3595 1150 3664 koncipovani
1169 3611 1187 3647 v
1206 3595 1358 3650 kancelaii.
1385 3593 1457 3646 Neni
1476 3591 1639 3662 myslitelno

193 3679 235 3744 pii
255 3681 422 3734 vdeobecne
441 3697 550 3748 povaze
569 3685 631 3736 teto
650 3682 759 3752 sbirlvy,
780 3683 812 3734 de
832 3685 870 3752 by
887 3684 937 3753 jeji
959 3686 1153 3739 sestavovatel
1183 3687 1283 3753 teprve
1309 3684 1408 3738 techto
1433 3683 1514 3735 amen
1536 3697 1567 3736 se
1587 3681 1638 3734 do·

193 3770 286 3835 pustil.
306 3769 405 3822 Nalezl
424 3770 465 3822 asi
485 3771 542 3823 oba
562 3771 710 3840 koncepty
729 3788 747 3824 v
767 3773 911 3826 kanceldii
930 3789 947 3826 a
965 3775 1022 3828 oba
1042 3776 1081 3827 do
1101 3775 1199 3842 sbirlty
1218 3773 1307 3842 opsal.

880 4063 954 4124 231.

192 4198 315 4281 Biskup
345 4197 488 4283 Nabidi)
511 4203 651 4264 uaavlra'
673 4224 690 4264 s
713 4203 898 4266 Konrddem
918 4204 1154 4286 purkmistrem,
1179 4203 1366 4268 Kr'iltanem
1389 4225 1410 4266 a
1430 4203 1637 4278 Jindr'icltem

191 4306 338 4370 radm‘mi
359 4309 461 4370 mdsta
484 4307 692 4372 Pelhiimova
715 4309 863 4373 smlouvu
885 4333 902 4372 0
926 4313 1055 4374 osasern‘
1078 4315 1181 4376 mlsta
1197 4311 1295 4375 lidmi
1315 4332 1337 4374 a
1361 4311 1519 4374 obehndnz'
1537 4311 1637 4374 hrad-

751 4415 838 4478 bami
859 4439 881 4479 a
902 4417 1076 4502 pr'z'kopem.

1404 4505 1528 4588 (1289).

326 4643 516 4725 Episcopus
541 4647 599 4708 dat
623 4649 808 4712 libertatem
833 4650 1022 4716 hominibus
1046 4671 1143 4716 suum
1168 4651 1305 4734 opidum
1331 4653 1508 4714 muniendi.

298 4782 497 4869 Th(obias)⁸
520 4789 575 4852 dei
599 4792 709 4872 gracia
734 4791 907 4873 Pragensis
931 4794 1110 4874 episcopus
1134 4804 1251 4858 notum
1282 4814 1356 4858 esse
1387 4796 1538 4858 volumus
1566 4797 1637 4856 uni-

191 4897 294 4956 versis
318 4904 491 4972 presentes
515 4895 627 4960 literas
650 4899 857 4976 inspecturis,
886 4901 978 4979 quod
1002 4901 1150 4964 volentes
1175 4901 1407 4964 condicionem
1431 4912 1580 4965 nostram
1603 4912 1637 4964 et

192 4999 367 5083 Pragensis
383 5001 525 5064 ecclesie
542 5014 654 5068 nostre
670 5002 781 5067 iacere
797 5005 978 5082 meliorem,
1002 5007 1212 5070 attendentes
1229 5011 1338 5084 etiam,
1362 5008 1453 5089 quod
1472 5027 1637 5090 pauperes

299 5193 326 5259 a)
346 5192 452 5254 ‚nimio‘
471 5193 510 5247 ln.
542 5225 575 5236 -
608 5195 637 5265 b)
658 5196 850 5258 ‚incolomem‘
871 5197 911 5252 ln.
944 5227 974 5236 -
1008 5195 1292 5270 e),derigendo¹1n.
1324 5229 1357 5238 -
1389 5201 1418 5268 d)
1440 5199 1514 5261 ‚tam'
1533 5200 1571 5254 ln.
1602 5231 1634 5238 -

191 5279 219 5350 c)
239 5279 457 5345 ,munificencia‘
475 5281 514 5337 In.
535 5313 567 5324 -
589 5282 612 5353 i)
630 5285 807 5354 ,prospitate‘
828 5285 867 5340 ln.
889 5315 918 5326 -
940 5285 968 5358 g)
987 5286 1036 5356 ,Jo¹
1064 5286 1137 5358 Καρ.
1165 5288 1187 5357 J.
