3988 5844
921 1803 958 1864 11.

288 2030 550 2128 ABECEDNI
584 2045 854 2132 uunznrm
881 2027 1122 2131 zncnvvb
1153 2045 1305 2125 nsvin
1339 2045 1374 2124 n
1403 2024 1590 2150 nsvin)

216 2371 260 2425 nd
281 2371 435 2425 reverendi
462 2371 490 2422 in
517 2368 634 2425 Christo
661 2368 750 2437 patris
771 2397 802 2406 -
824 2397 856 2406 —
879 2397 911 2406 -
966 2367 1124 2436 Comperto
1143 2367 1294 2430 veraciter,
1308 2366 1389 2434 quod
1402 2365 1517 2433 plebani
1530 2393 1564 2404 -
1582 2395 1611 2403 -
1627 2397 1658 2404 -

268 2462 379 2514 servire
398 2460 562 2514 tenebimur
581 2466 611 2512 et
629 2459 751 2526 placere.
777 2440 819 2522 (C.
840 2460 911 2522 272).
1020 2456 1200 2511 sentenciam
1219 2455 1381 2508 incurretis.
1402 2442 1440 2519 (C.
1462 2456 1514 2521 78).

216 2549 261 2604 Ad
289 2556 406 2603 tronum
436 2548 616 2603 celsitudinis
643 2553 741 2600 vestre
770 2575 803 2584 —
825 2576 856 2584 --
877 2574 910 2582 —
966 2543 1117 2615 Compulsi
1137 2545 1259 2599 diversis
1284 2544 1499 2612 gravaminibus
1534 2575 1549 2581 v·
1573 2573 1605 2582 -
1627 2573 1660 2582 -

269 2637 430 2692 referemus
449 2637 610 2692 uberrimas
629 2637 772 2690 acciones.
794 2619 837 2703 (C.
858 2633 911 2703 28).
1018 2636 1124 2688 vestris
1144 2634 1246 2688 litteris
1265 2633 1405 2687 intimare.
1425 2617 1467 2702 (C.
1487 2632 1540 2702 27).

217 2728 262 2781 Ad
287 2735 384 2782 vestre
403 2727 506 2797 regalis
532 2725 751 2794 magnificencie
771 2754 803 2762 -
827 2755 856 2761 —
878 2751 911 2762 -
966 2723 1074 2779 Consrsi
1093 2723 1349 2792 quamplurimum
1365 2751 1396 2760 -
1413 2751 1444 2760 -
1461 2723 1660 2790 —specialius

269 2816 389 2888 gloriam
408 2825 438 2870 et
456 2817 606 2870 honorem.
627 2798 669 2881 (C.
689 2817 744 2880 30).
1019 2813 1145 2884 obligati.
1165 2800 1207 2882 (C.
1231 2813 1304 2880 17⁴).

216 2905 323 2960 Arbitri
352 2909 414 2960 sive
442 2908 633 2960 arbitratores
665 2919 717 2958 seu
745 2905 912 2957 amicabiles
967 2901 1154 2970 Conquestus
1178 2911 1224 2956 est
1245 2902 1329 2955 nobis
1348 2900 1379 2954 N.
1400 2901 1553 2968 presbyter
1573 2929 1604 2937 -
1626 2929 1658 2939 -

268 2996 480 3064 compositores
509 3017 539 3034 -ν
566 3023 598 3032 -
626 3021 659 3032 -
678 2995 707 3046 in
726 3009 779 3046 sua
800 3009 911 3059 perma·
1022 3023 1051 3030 --
1073 2991 1223 3046 sentencie
1243 2991 1402 3044 subiacere.
1423 2981 1464 3054 (C.
1484 2991 1540 3054 55).

268 3092 337 3140 neat
355 3084 497 3139 firmitate.
517 3073 557 3152 (C.
580 3084 632 3148 15).
966 3081 1039 3136 Cum
1065 3081 1102 3135 ad
1127 3081 1157 3134 id
1179 3086 1242 3134 toto
1267 3087 1367 3133 nostre
1386 3078 1490 3133 mentis
1509 3081 1661 3134 conamine

215 3173 371 3242 Assumpte
382 3175 467 3228 nobis
477 3174 515 3227 de
525 3187 601 3227 nove
611 3171 700 3240 prolis
710 3179 777 3225 ortu
789 3199 1138 3210 ——————
1147 3169 1320 3224 iudicialiter
1327 3175 1528 3238 prosequatur.
1537 3152 1579 3236 (C.
1587 3167 1660 3233 240).

269 3263 317 3317 filii
337 3264 496 3317 nativitate.
518 3251 558 3327 (C.
582 3262 654 3327 16³).
966 3258 1039 3314 Cum
1059 3275 1075 3312 a
1094 3259 1179 3312 nobis
1198 3259 1314 3327 petitur,
1334 3258 1415 3327 quod
1434 3259 1542 3310 iustum
1562 3267 1607 3310 est
1627 3285 1659 3296 -

216 3352 418 3415 Attendentes,
443 3368 511 3420 ymo
537 3367 590 3420 pro
615 3359 697 3404 certo
723 3359 857 3403 tenentes
877 3379 910 3388 -
1021 3378 1051 3386 -
1077 3377 1103 3386 ι
1126 3355 1214 3416 prout
1237 3349 1274 3401 ad
1300 3355 1434 3401 nostrum
1460 3355 1574 3415 spectat
1598 3347 1660 3401 offi-

270 3469 302 3480 -
324 3469 356 3479 -
375 3441 531 3495 eucaristie
544 3447 765 3494 sacramentum.
780 3429 818 3506 (C.
836 3441 907 3494 142).
1019 3439 1103 3500 cium,
1123 3437 1347 3492 committentes.
1368 3425 1408 3501 (C.
1429 3438 1482 3504 24).

967 3527 1039 3582 Cum
1059 3544 1076 3581 a
1096 3527 1180 3582 nobis
1200 3527 1317 3593 petitur,
1337 3526 1419 3594 quod
1437 3527 1544 3580 iustum
1562 3533 1607 3579 est
1627 3554 1659 3564 -

216 3617 308 3673 Certo
335 3619 502 3673 coniecture
531 3619 732 3686 experimento
758 3619 912 3673 didicimus
1021 3646 1051 3653 -
1074 3646 1102 3656 -
1128 3617 1306 3670 sentenciam
1324 3623 1440 3669 tuarum
1459 3616 1595 3669 nolumus
1620 3616 1661 3667 vi·

268 3738 304 3746 -
326 3737 353 3746 -
372 3737 403 3748 -
418 3709 528 3778 origine
542 3709 588 3761 vel
603 3714 767 3778 augmento.
781 3697 821 3772 (C.
836 3710 907 3770 160).
1020 3723 1109 3760 arum.
1130 3695 1170 3775 (C.
1192 3705 1262 3771 144).

217 3796 300 3852 Circa
346 3799 561 3858 inhibitionem,
606 3811 694 3864 quam
742 3797 912 3850 Fridrilmus
967 3794 1039 3849 Cum
1058 3810 1075 3848 a
1095 3793 1179 3848 nobis
1198 3795 1315 3862 petitur,
1335 3795 1416 3861 quod
1434 3793 1541 3847 iustum
1563 3801 1608 3847 est
1629 3823 1658 3832 -

269 3887 401 3940 iuvennis
432 3885 494 3939 fieri
523 3885 654 3954 postulat
683 3915 713 3922 -
735 3913 768 3923 —
789 3914 820 3922 —
842 3901 907 3938 sen·
1021 3914 1051 3922 —
1073 3913 1106 3924 —
1126 3899 1158 3938 se
1179 3885 1292 3938 noverit
1311 3885 1503 3937 incursurum.
1524 3871 1565 3952 (C.
1587 3883 1659 3954 185).

269 3976 366 4030 tencia
385 3975 580 4044 percellendo.
602 3964 641 4038 (C.
664 3978 733 4039 137).
966 3975 1039 4028 Cum
1068 3975 1147 4043 apud
1175 3989 1228 4026 vos
1257 3974 1412 4027 honestum
1441 3983 1470 4026 et
1495 3972 1659 4042 religiosum

215 4063 298 4118 Circa
317 4065 417 4118 salutis
430 4065 590 4118 animarum
608 4063 771 4130 profectum
788 4093 808 4099 —
833 4095 861 4102 -
879 4093 907 4100 --
1018 4065 1112 4117 virum
1134 4093 1166 4102 -
1189 4093 1218 4100 -
1236 4062 1483 4115 -inviolabiliter
1502 4061 1659 4117 observari.

269 4155 379 4207 honera
398 4155 568 4220 parciamur.
589 4145 628 4214 (C.
650 4155 720 4220 153).
1018 4137 1060 4220 (C.
1083 4151 1153 4222 107).

321 4369 346 4436 *)
366 4369 403 4422 Za
424 4370 503 4424 hesla
523 4369 705 4422 abecednibo
725 4368 860 4435 poradku
879 4383 897 4418 v
916 4373 1010 4420 tomto
1030 4365 1166 4436 rejstiiku
1186 4366 1251 4435 byla
1271 4364 1313 4432 pii
1334 4364 1426 4418 kalde
1440 4363 1535 4417 listind
1556 4364 1659 4419 volena

216 4475 273 4513 ona
292 4460 379 4522 slova,
401 4461 483 4512 latera
497 4459 639 4526 nasleduji
657 4473 695 4524 po
709 4455 876 4527 protokollu
889 4457 992 4525 listiny‚
1011 4455 1090 4524 tedy‚
1103 4455 1161 4508 kde
1178 4457 1207 4524 je
1221 4469 1337 4524 arenga,
1355 4456 1444 4518 slova‚
1460 4453 1538 4523 jimii
1552 4453 1659 4508 zabina.

215 4548 296 4612 Tam,
315 4549 373 4602 kde
392 4548 548 4614 intitulace‚
574 4547 676 4614 patiici
701 4548 740 4600 do
769 4546 946 4614 protoltollu,
970 4545 1080 4599 souvisi
1105 4543 1197 4612 piimo
1226 4543 1392 4596 svlastnim
1418 4550 1529 4596 textem
1554 4543 1659 4611 listiny‚

216 4647 298 4693 vzata
318 4639 383 4709 byla
403 4637 491 4706 prave
511 4653 567 4691 ona
585 4637 675 4699 slova‚
696 4638 778 4690 latera
797 4636 940 4705 nasleduji
959 4651 998 4703 po
1012 4633 1172 4688 aakondeni
1191 4634 1285 4694 titulu‚
1304 4632 1374 4702 tedy
1393 4631 1489 4700 napi.
1509 4631 1553 4699 pii
1566 4632 1659 4685 listind

216 4728 364 4798 zabinajici
382 4729 464 4796 slovy
487 4725 630 4780 »Thobias
650 4727 698 4780 dei
716 4726 812 4795 gracia
828 4725 977 4794 Pragensis
997 4725 1154 4790 episcopus
1174 4730 1275 4776 notum
1294 4736 1359 4775 esse
1378 4722 1511 4774 volumus
1530 4721 1605 4774 atd.‹
1627 4737 1660 4775 aa

216 4819 298 4872 heslo
316 4819 384 4886 bylo
403 4818 508 4870 voleno
529 4823 645 4870 »notum
666 4831 755 4869 esse«
777 4814 931 4870 Ponlivadl
951 4814 1037 4866 velmi
1056 4812 1164 4867 mnoho
1184 4813 1260 4865 listin
1280 4810 1379 4865 zabina
1399 4811 1536 4877 podobne
1549 4826 1566 4863 a
1579 4809 1659 4864 casto

216 4907 317 4975 steine,
336 4907 405 4976 bylo
418 4914 509 4959 nutno
529 4908 548 4959 k
562 4906 715 4959 roaeznani
732 4906 791 4974 jich
811 4904 906 4957 uvesti
918 4905 986 4957 take
1000 4903 1118 4957 ndkolik
1131 4902 1194 4954 slov
1207 4917 1222 4953 z
1235 4901 1329 4954 konce
1347 4901 1450 4968 listiny.
1471 4899 1658 4953 Eschatokoll

216 4996 316 5050 ovsem
338 4995 478 5060 pominut,
502 4994 606 5062 jeliltoi
633 4995 718 5047 velmi
744 4994 826 5047 dasto
846 4994 892 5046 ma
911 4993 1004 5060 stejne
1024 4991 1115 5044 zndni
1155 4990 1266 5044 Volena
1291 4990 1356 5056 byla
1381 4989 1475 5042 vsude
1494 5003 1550 5041 ona
1569 4988 1658 5048 siuve,

214 5085 291 5154 jimii
310 5085 413 5138 vlastni
432 5091 497 5138 text
523 5083 610 5136 konci
629 5084 700 5152 pled
721 5081 835 5136 lormuli
861 5081 1080 5146 korroboradni
1100 5082 1183 5134 lutera
1208 5078 1350 5148 obycejne
1375 5077 1474 5132 zabina
1502 5079 1583 5145 slovy
1612 5077 1658 5129 »ln

217 5175 299 5230 cuius
312 5176 380 5238 rei«,
399 5191 416 5228 a
435 5174 493 5227 kde
512 5180 574 5226 tato
587 5173 691 5236 sehazi,
710 5173 782 5241 pied
803 5171 978 5224 datovanlm.
999 5169 1121 5224 Nema-li
1140 5170 1234 5223 listina
1247 5171 1304 5223 neb
1317 5168 1403 5235 dopis
1421 5168 1513 5221 iadne
1532 5165 1658 5220 atechto

215 5265 330 5317 sormuli
349 5279 386 5316 na
405 5263 527 5318 zadatku
546 5279 563 5316 a
582 5279 618 5316 na
638 5263 733 5324 konci,
753 5263 818 5332 byla
838 5261 938 5314 ovsem
958 5261 1062 5314 volena
1082 5260 1161 5313 slova
1181 5260 1265 5326 prvni
1283 5276 1301 5312 a
1320 5257 1460 5326 poslednl.

270 5389 290 5440 J.
303 5389 327 5429 B.
338 5389 455 5430 Novak:
474 5387 592 5428 Formulaii
602 5387 699 5436 blekupa
711 5385 811 5427 Tobialie
827 5397 838 5426 ι
849 5383 963 5438 Bechyne.
1517 5367 1551 5416 15
