3968 5848
1043 777 1114 839 142.

357 931 482 1014 Biskrrp
511 931 630 995 Tobia'l
650 933 799 1016 dovoluje
821 934 966 998 kldlteru
990 937 1250 1000 cisterciacke'mu
1274 961 1295 1002 v
1319 939 1491 1003 Mnichovl
1510 939 1668 1002 Hradz'lti
1689 939 1804 1002 usadit

352 1040 410 1119 pii
421 1041 504 1120 fade
527 1061 548 1100 v
573 1037 768 1108 Jablonne‘m
799 1043 859 1104 sve'
885 1045 1012 1124 mm'clry
1034 1066 1055 1106 a
1070 1047 1153 1126 jime'
1166 1047 1253 1128 faru
1284 1056 1461 1127 spravovat
1482 1067 1499 1108 s
1523 1056 1575 1108 tou
1593 1046 1803 1126 podmz'nkou,

670 1151 706 1209 ἐι·
728 1158 796 1209 tam
821 1151 925 1212 burlou
949 1151 1022 1214 miti
1042 1172 1059 1213 s
1081 1152 1174 1214 sebon
1197 1153 1359 1216 svltske'lzo
1382 1153 1488 1216 kne'ze.

1409 1361 1691 1448 (ηπ-1290)).

445 1519 636 1602 Episcopus
661 1523 819 1604 indulget,
844 1525 934 1605 quod
969 1527 1209 1587 monasterium
1234 1545 1293 1602 per
1318 1526 1520 1588 monachum
1545 1526 1711 1588 deserviat

447 1629 631 1706 ecclesiam,
670 1633 715 1694 ita
754 1642 874 1708 tamen,
911 1633 1003 1711 quod
1042 1651 1174 1712 semper
1212 1633 1397 1695 monachus
1436 1652 1551 1695 secum
1591 1633 1714 1694 habeat

855 1741 1086 1817 presbyterum
1112 1740 1303 1802 secularem.

462 1895 657 1981 Tholbias)³
695 1901 749 1962 dei
787 1903 899 1982 gracia
947 1909 1008 1961 etc.
1048 1901 1209 1961 universis
1248 1899 1368 1963 Christi
1416 1901 1570 1964 fidelibus
1608 1911 1801 1978 presentem

357 2010 511 2092 paginam
544 2009 742 2087 inspecturis
773 2008 914 2069 salutem
939 2009 972 2068 in
996 2007 1132 2068 domino
1165 2011 1410 2086 sempiternam.
1457 2009 1691 2083 Attendentes,
1721 2029 1801 2086 ymo

356 2137 416 2198 pro
453 2126 545 2178 certo
579 2125 739 2190 tenentes,
774 2117 865 2196 quod
901 2135 960 2193 per
995 2115 1081 2175 viros
1121 2113 1269 2194 religioni
1309 2115 1445 2177 deditos
1480 2127 1513 2177 et
1548 2115 1662 2178 divino
1697 2116 1801 2177 cultui

356 2225 530 2307 diligenter
562 2227 708 2286 intentos
739 2242 778 2284 ac
811 2226 843 2285 in
875 2240 1095 2299 supernorum
1132 2221 1421 2300 contemplacione
1457 2225 1620 2305 sagaciter
1651 2225 1801 2286 elevatos

355 2332 498 2410 populus
523 2332 723 2394 christianus
740 2331 782 2392 ad
800 2330 932 2392 celestis
956 2332 1021 2391 vite
1045 2329 1210 2392 desideria
1234 2349 1294 2408 per
1317 2332 1419 2392 verba
1444 2332 1566 2411 pariter
1591 2340 1624 2392 et
1644 2333 1800 2411 exempla

355 2437 534 2500 efficaciter
565 2440 740 2518 provocari
773 2438 896 2499 debeat
927 2446 960 2498 et
992 2438 1138 2508 accendi,
1170 2441 1257 2500 sicut
1288 2457 1347 2516 per
1378 2438 1518 2515 Moysen
1552 2441 1688 2516 pristine
1720 2439 1801 2519 legis

354 2546 495 2608 latorem
519 2545 638 2607 clarius
662 2547 855 2620 edocemur,
876 2547 930 2607 cui
954 2565 1013 2624 per
1037 2546 1210 2606 dominum
1235 2547 1423 2623 precipitur,
1449 2546 1540 2607 utin
1566 2547 1620 2607 dei
1645 2547 1799 2607 taberna-

355 2655 431 2716 culo
455 2651 610 2716 faciendo
635 2654 678 2714 ad
703 2656 806 2716 instar
829 2655 964 2732 superni
988 2653 1127 2730 aspiciat
1151 2652 1361 2730 exemplaris,
1379 2654 1421 2714 ad
1446 2655 1668 2716 universitatis
1691 2661 1801 2714 vestre

355 2763 513 2823 noticiam
537 2761 698 2823 duximus
721 2757 966 2836 deducendum,
992 2759 1082 2839 quod
1112 2758 1260 2820 honestis
1284 2768 1317 2821 et
1342 2760 1504 2841 religiosis
1529 2761 1604 2822 viris
1628 2761 1742 2822 abbati
1767 2770 1801 2820 et

356 2870 530 2929 conventui
566 2868 707 2930 ecclesie
739 2862 975 2930 Gradicensisb
1006 2877 1116 2928 nostre
1152 2867 1310 2942 dyocesis
1345 2867 1470 2928 ordinis
1506 2868 1725 2929 cisterciensis
1756 2865 1799 2926 de

355 2985 445 3037 certa
478 2983 667 3038 nostrorum
699 2974 836 3036 fratrum
868 2975 1013 3035 sciencia
1037 2983 1070 3035 et
1094 2993 1232 3036 assensu
1269 2975 1494 3048 concedimus,
1525 2975 1735 3056 indulgemus
1766 2983 1801 3034 et

354 3085 401 3144 eis
436 3083 563 3162 plenam
598 3085 832 3144 auctoritatem
868 3091 1031 3159 perpetuo
1067 3080 1194 3155 damus,
1227 3089 1262 3142 ut
1296 3079 1521 3160 parochialem
1557 3081 1729 3143 ecclesiam
1767 3083 1798 3142 in

355 3187 531 3252 Gablonac
544 3186 568 3266 ¹)
592 3209 651 3269 per
670 3187 786 3250 fratres
806 3189 928 3250 domus
949 3207 1008 3249 sue
1029 3195 1062 3248 et
1082 3187 1209 3249 ordinis
1233 3187 1337 3249 libere
1362 3189 1641 3264 administrarent,
1665 3189 1798 3269 plebem

355 3298 505 3359 eiusdem
553 3297 711 3374 parochie
757 3297 914 3358 docendo
961 3297 1063 3356 verbo
1104 3298 1225 3372 pariter
1264 3305 1297 3357 et
1336 3295 1503 3373 exemplo,
1546 3291 1799 3358 consessionesd

355 3405 533 3477 audiend0,
560 3403 766 3465 absolvendo
798 3403 919 3480 pariter
950 3411 983 3464 et
1012 3403 1148 3482 ligando
1172 3413 1204 3463 et
1229 3405 1341 3464 omnia
1372 3413 1582 3464 sacramenta
1613 3405 1645 3465 in
1677 3404 1798 3464 eadem

355 3511 495 3572 ecclesia
521 3511 582 3572 ritu
607 3510 835 3573 ecclesiastico
866 3509 1081 3582 conserendo,
1106 3510 1169 3570 hoc
1201 3518 1312 3571 tamen
1345 3511 1388 3571 ad
1412 3519 1525 3572 nostre
1557 3509 1799 3572 iurisdiccionis

355 3619 648 3680 conservacionem
669 3619 882 3696 excipientes,
903 3617 994 3697 quod
1014 3614 1132 3677 fratres
1153 3615 1206 3692 illi,
1225 3617 1346 3698 quibus
1367 3617 1584 3680 ministerium
1607 3617 1799 3679 huiusmodi

356 3726 569 3786 commissum
600 3724 704 3799 luerit,
729 3723 911 3786 secularem
944 3725 1175 3801 presbyterum
1208 3724 1378 3801 ydoneum
1409 3743 1523 3786 secum
1555 3724 1710 3802 habeant,
1742 3727 1799 3804 qui

355 3833 450 3894 nobis
481 3841 513 3892 et
545 3830 609 3892 loci
642 3831 890 3908 archidyacono
921 3831 953 3890 in
986 3831 1107 3891 nostris
1138 3840 1172 3891 et
1203 3831 1304 3909 ipsius
1339 3831 1466 3893 iuribus
1498 3831 1725 3910 respondeat,e
1754 3831 1798 3891 ad

355 3937 503 4000 infirmos
549 3937 676 4017 prefate
715 3938 872 4016 parochie
912 3938 944 3998 in
983 3937 1115 3998 decenti
1162 3937 1277 3999 habitu
1323 3937 1507 3998 deserendo
1554 3939 1799 4000 sanctissimum

354 4046 530 4106 eucaristie
554 4055 810 4106 sacramentum.
837 4043 873 4105 ln
898 4047 992 4106 cuius
1016 4041 1077 4126 (rei
1101 4039 1355 4120 testimonium)f
1381 4053 1443 4106 etc.
1468 4043 1592 4106 Datum
1618 4054 1679 4106 etc.

462 4255 521 4308 Fol.
546 4259 589 4306 20⁴
616 4255 640 4307 ὁ.
666 4259 726 4316 1421
752 4254 797 4306 tel
824 4254 900 4306 vrlr.
927 4255 1057 4322 kapituly
1084 4251 1294 4321 Pralslreltttb
1319 4253 1366 4306 fol.
1392 4257 1452 4307 238.
1490 4253 1517 4307 Ο
1543 4254 1797 4324 chronologiclrem

354 4345 485 4398 omezeni
505 4345 605 4398 rokem
627 4349 695 4397 1290
714 4359 790 4396 srov.
810 4345 888 4396 rivod
908 4343 932 4396 ll
952 4349 976 4397 3.

466 4489 484 4550 ¹)
503 4488 644 4556 Jablonna
663 4487 705 4554 pli
725 4485 837 4554 pomezi
857 4486 1024 4537 ditavskem.

461 5061 488 5114 al
509 5019 668 5127 iohannes
694 5057 766 5124 Kap.
778 5057 800 5125 J.
821 5086 854 5095 -
880 5057 909 5125 n)
935 5057 981 5120 ,ue
994 5097 1000 5109 .
1015 5059 1029 5110 .‘
1051 5054 1121 5121 rap.
1135 5054 1158 5123 J.
1178 5083 1211 5092 -
1231 5055 1258 5122 e)
1278 5094 1298 5116 ‚.
1313 5056 1329 5108 ‚⁴
1349 5055 1421 5123 Kap.
1435 5054 1456 5123 J.
1479 5083 1509 5093 -
1536 5055 1567 5124 a)
1588 5055 1797 5118 ‚confessionis

354 5149 403 5210 ln,
423 5148 639 5210 ,confessiones‘
659 5147 730 5213 Kap.
743 5145 765 5214 J.
787 5175 818 5184 -
840 5147 866 5214 e)
890 5145 1100 5214 ,respondeant‘
1119 5143 1168 5206 ln,
1194 5145 1387 5212 ,respondeat¹
1408 5143 1481 5212 Kap.
1494 5145 1516 5213 J.
1537 5173 1570 5182 -
1596 5143 1619 5211 s)
1643 5143 1799 5213 Doplneno

354 5239 402 5292 dle
421 5239 494 5306 Kap.
507 5239 529 5307 J.
