3988 5844
1010 408 1062 456 230

314 623 420 675 Notum
449 620 570 674 iacimus
606 619 748 672 universis
776 632 851 685 pres.
881 618 920 669 lit.
949 618 1009 680 ins,

369 709 448 778 quod
469 724 522 763 nos
541 705 723 776 Joihannem)
743 737 774 744 —
797 735 829 746 -
845 706 1009 775 -singulis

370 799 585 865 premissorum.
607 785 647 862 (C.
668 799 723 858 56).

314 888 421 940 Notum
435 887 556 940 iacimus
570 887 721 950 universis,
736 885 843 954 quibus
859 891 1010 953 presentes

369 977 498 1031 exhibite
519 975 633 1038 luerint,
652 975 733 1043 quod
752 990 806 1027 nos
820 974 897 1027 bona
910 981 1010 1026 nostra

369 1096 403 1105 -
429 1095 461 1104 -
489 1093 522 1104 -
552 1093 580 1102 -
607 1064 802 1130 peticionibus
830 1063 1009 1116 inclinemur.

373 1149 412 1220 (C.
435 1155 489 1220 98).

316 1243 421 1298 Notum
440 1244 477 1296 sit
496 1244 630 1296 omnibus
649 1243 792 1296 universis
805 1258 879 1309 pres.
893 1243 932 1296 lit.
949 1242 1010 1304 ins,

370 1335 450 1402 quod
470 1348 523 1386 nos
542 1331 597 1384 Wl.
618 1332 808 1385 miseracione
827 1331 925 1384 divina
946 1331 1009 1383 lra-

370 1423 466 1491 gensis
486 1430 515 1475 et
535 1422 671 1490 magister
689 1421 729 1490 Jo.
758 1450 789 1459 -
817 1451 851 1458 -
870 1435 1011 1487 -spon-

369 1519 454 1565 tanea
475 1511 632 1564 voluntate.
654 1497 692 1574 (C.
714 1513 767 1572 16).

316 1600 422 1654 Notum
441 1601 478 1653 sit
497 1599 579 1652 vobis
599 1600 709 1666 scripto
738 1599 874 1667 presenti,
903 1599 1011 1652 vidisse

371 1705 424 1742 nos
443 1701 471 1742 et
490 1689 645 1758 diligenter
664 1690 851 1756 perspexisse
870 1717 903 1726 -
930 1717 955 1724 -
979 1716 1010 1725 -

370 1778 573 1832 confirmamus
593 1785 622 1831 et
641 1779 722 1847 sigilli
742 1780 833 1832 nostri
853 1778 1011 1832 munimine

371 1870 427 1921 hoc
446 1869 550 1934 ipsum,
570 1866 651 1934 quod
671 1867 717 1920 hic
736 1865 850 1920 firmum
877 1881 942 1919 esse
962 1881 1010 1918 vo·

372 1959 474 2019 lumus,
493 1955 674 2008 roboramus.
695 1944 737 2023 (C.
756 1957 813 2021 34).

317 2047 406 2110 Nova,
430 2060 488 2113 que
513 2044 664 2097 consilium
689 2045 799 2097 domini
829 2045 956 2114 regis-
980 2073 1009 2081 -

372 2163 404 2173 -
424 2135 480 2188 ista
500 2135 564 2186 vice
583 2143 726 2202 geruntur
745 2143 799 2188 etc.
820 2121 861 2202 (C.
882 2133 953 2198 115).

318 2225 458 2279 Noverint
492 2230 643 2290 presentes
677 2223 806 2276 universi
833 2224 942 2276 litteras
972 2223 1010 2275 in·

371 2313 509 2380 spectum,
529 2312 610 2379 quod
636 2327 691 2380 ego
717 2311 851 2366 Matheus
870 2341 904 2350 -
926 2342 955 2350 -
979 2341 1010 2350 --

371 2419 423 2456 sue
443 2402 566 2456 ecclesie
586 2401 762 2468 supradicte.
782 2388 821 2464 (C.
842 2403 897 2467 39).

318 2492 458 2545 Noverint
477 2492 603 2544 universi
624 2506 698 2558 pres.
719 2490 757 2544 lit.
777 2492 839 2554 ins,
859 2491 939 2558 quod
959 2491 1011 2543 do·

372 2581 468 2634 minus
496 2587 597 2634 noster
627 2579 889 2634 excellentissimus
921 2609 951 2616 -
979 2609 1010 2617 -

372 2699 405 2708 -
450 2671 568 2738 exleges
611 2669 826 2736 imperpetuum
876 2669 1011 2736 reputari.

371 2751 485 2828 mm

317 2847 457 2902 Noverint
475 2849 603 2901 universi
623 2862 697 2916 pres.
719 2847 758 2900 lit.
778 2848 840 2910 ins,
860 2848 939 2914 quod
960 2862 1015 2916 ego

374 2947 573 3005 ..perpetuus
599 2936 725 2990 vicarius
745 2965 774 2974 -
797 2964 831 2974 -
853 2964 884 2972 -
906 2937 1015 2989 solucio

372 3027 525 3079 minuetur.
547 3013 588 3091 (C.
609 3027 663 3090 ⁴5).

318 3115 457 3170 Noverint
476 3115 604 3168 universi
622 3129 697 3182 pres.
718 3115 758 3168 lit.
778 3116 839 3177 ins..
861 3117 942 3182 quod
962 3130 1015 3167 nos

373 3204 469 3257 divina
488 3203 677 3256 miseracione
696 3203 918 3261 archidiaconus
931 3233 964 3242 —
982 3233 1014 3242 -

375 3322 406 3330 -
427 3293 487 3346 suis
506 3291 665 3346 heredibus
684 3293 852 3363 obligamus.
881 3284 921 3358 (C.
943 3291 1015 3362 269).

320 3383 460 3436 Noverint
479 3381 606 3435 universi
626 3395 701 3448 pres.
722 3381 761 3434 lit.
781 3381 842 3446 ins..
861 3383 941 3450 quod
963 3398 1017 3436 nos

373 3469 428 3523 Th.
455 3469 482 3522 d.
511 3484 535 3538 g.
556 3470 636 3540 Prag.
655 3485 699 3537 ep.
725 3470 762 3523 ad
787 3471 961 3537 peticionem
988 3481 1017 3525 et

374 3559 624 3627 presentacionem
644 3587 676 3596 -
691 3587 723 3596 -
738 3587 771 3597 -
788 3560 881 3612 sancti
899 3561 1017 3628 spiritus

373 3649 468 3718 gracia
488 3648 631 3702 invocata.
652 3635 691 3715 (C.
713 3647 748 3713 i).

320 3738 459 3791 Noverint
477 3737 604 3790 universi
624 3752 697 3803 pres.
718 3739 756 3791 lit.
776 3738 838 3804 ins,
864 3740 943 3805 quod
963 3754 1017 3792 nos

375 3826 576 3880 Theodericus
595 3826 693 3879 divina
706 3827 768 3880 mis.
782 3827 873 3880 abbas
887 3856 919 3866 -
935 3858 969 3864 —
982 3858 1017 3864 -

374 3915 571 3968 favorabiliter
589 3915 785 3968 admittentes.
806 3905 846 3980 (C.
866 3917 929 3982 203)

320 4005 460 4058 Noverint
479 4005 605 4058 universi
624 4019 700 4071 pres.
720 4005 841 4066 licius,
864 4007 944 4073 quod
964 4021 1017 4058 nos

374 4094 520 4147 Zavisslus
549 4093 645 4146 dictus
673 4093 711 4146 de
740 4122 774 4132 -
795 4123 827 4132 -
851 4123 879 4132 -
909 4095 938 4148 in
965 4111 1016 4148 sua

375 4183 482 4236 luerint
497 4183 673 4238 commitiva.
692 4175 733 4252 (C.
753 4185 808 4250 99).

323 4272 468 4327 Noveritis
497 4287 552 4324 nos
580 4271 698 4325 illustris
726 4272 836 4326 domini
861 4275 953 4327 nostri
973 4273 1017 4326 W.

376 4362 452 4431 regis
465 4391 500 4398 —
513 4390 548 4398 --
562 4389 594 4399 -
608 4368 696 4427 prout
708 4362 746 4415 ad
760 4371 891 4415 nostrum
904 4371 1019 4430 spectat

374 4449 511 4512 cilicium,
531 4451 755 4504 committentes.
778 4439 816 4516 (C.
837 4455 873 4520 2).

321 4539 465 4594 Noveritis
484 4555 538 4592 nos
557 4539 660 4605 prelati
687 4540 794 4594 dotnini
822 4541 913 4592 nostri
930 4556 1017 4593 vene·

375 4628 472 4682 rabilis
491 4629 599 4682 domini
620 4627 672 4683 Th.
693 4659 725 4666 -
739 4659 774 4666 —
787 4659 822 4667 —
841 4645 898 4682 non
913 4631 1020 4697 poterit

376 4717 525 4784 impunita.
546 4707 585 4784 (C.
608 4721 661 4782 54).

321 4807 465 4861 Noveritis
484 4822 538 4860 nos
557 4807 666 4860 vidisse
684 4807 794 4860 litteras
813 4809 1019 4862 venerabilium

376 4896 561 4950 dominorum
591 4925 620 4934 -·
651 4925 679 4933 —
710 4925 738 4933 -
765 4897 793 4950 in
815 4896 1019 4951 festivitatibus

377 4984 558 5052 supradictis.
579 4977 619 5049 (C.
640 4985 710 5052 136).

322 5075 476 5136 Noveritis,
503 5073 584 5142 quod
610 5089 676 5127 cum
696 5075 780 5128 nobis
805 5085 920 5130 constet
939 5090 1018 5128 vera-

376 5165 495 5218 citer-
513 5191 536 5200 -
557 5162 696 5230 -ipsius
716 5203 722 5216 .
743 5203 749 5215 .
769 5165 911 5218 cautelam
937 5165 1020 5234 sigilli

380 5253 470 5307 nostri
491 5252 649 5306 munimine
669 5253 830 5306 roboratas.
851 5245 890 5318 (C.
911 5259 983 5315 212).

1064 617 1217 682 Noverltis,
1231 615 1312 684 quod
1326 615 1361 669 H.
1377 615 1522 682 presbiter
1535 614 1682 668 exhibitor
1695 629 1759 681 pre·

1118 705 1247 760 sencium
1268 733 1299 744 —
1322 734 1355 742 -
1376 733 1409 742 -
1434 704 1509 757 sicut
1535 701 1679 756 condecet
1697 718 1760 771 per·

1119 802 1285 849 tractantes.
1306 783 1345 862 (C.
1366 796 1439 859 134).

1065 883 1219 945 Noveritis,
1240 883 1321 951 quod
1341 899 1395 937 nos
1414 883 1553 937 nobilium
1572 885 1700 936 virorum
1720 882 1761 951 Ja.

1118 973 1191 1026 Hen.
1217 981 1247 1026 et
1266 973 1334 1026 Her.
1363 1001 1394 1010 -
1414 1003 1450 1010 -
1470 1001 1502 1010 -
1523 979 1610 1041 prout
1634 973 1672 1026 ad
1697 973 1761 1026 eius

1118 1069 1232 1130 spectat
1250 1061 1385 1120 officium,
1405 1061 1628 1116 committentes.
1647 1052 1687 1129 (C
1707 1059 1761 1128 26).

1065 1285 1210 1339 Omnibus
1229 1285 1312 1340 vobis
1332 1299 1400 1339 vere
1425 1284 1621 1351 penitentibus
1645 1291 1675 1338 et
1693 1298 1761 1336 con·

1118 1373 1203 1428 fessis
1221 1404 1257 1412 —
1275 1403 1309 1412 -
1328 1404 1364 1411 —
1383 1374 1456 1427 mitti
1476 1388 1529 1440 per
1546 1379 1601 1425 etc.
1626 1373 1651 1425 si
1676 1387 1762 1428 secus

1120 1455 1325 1531 mmmm

1066 1551 1164 1620 Opere
1183 1552 1312 1619 precium
1333 1551 1396 1606 sore
1415 1551 1613 1620 dignoscimus
1634 1581 1665 1588 -
1686 1580 1709 1588 -
1728 1580 1760 1589 -

1119 1648 1261 1708 perpetuo
1280 1641 1493 1708 permittantur.
1512 1631 1553 1710 (C.
1574 1642 1646 1708 148).

1067 1863 1170 1917 Pateat
1188 1863 1331 1916 universis
1357 1870 1387 1916 et
1414 1865 1533 1932 singulis
1565 1892 1598 1902 -
1619 1892 1651 1902 -
1674 1893 1703 1902 -
1735 1865 1762 1916 in

1119 1952 1210 2006 lundo
1230 1952 1345 2006 relictis.
1364 1943 1405 2020 (C.
1423 1953 1477 2017 46).

1067 2041 1235 2094 Patentibus
1254 2041 1339 2095 nobis
1358 2049 1403 2094 est
1423 2049 1523 2094 notum
1543 2041 1657 2095 indiciis
1678 2069 1709 2080 -
1729 2069 1763 2080 -

1125 2160 1150 2166 -
1175 2145 1227 2196 pro
1247 2130 1356 2182 viribus
1380 2145 1433 2197 per
1459 2129 1603 2184 eflectum.
1630 2123 1671 2198 (C.
1692 2134 1763 2198 253).

1066 2219 1229 2287 Pauperum
1251 2234 1353 2285 preces
1380 2227 1409 2273 et
1435 2219 1643 2273 miserabilium
1664 2235 1763 2287 perso·

1120 2323 1221 2362 narum
1243 2337 1272 2346 -
1294 2338 1330 2346 -
1350 2337 1381 2346 -
1404 2308 1629 2362 misericorditer
1654 2311 1764 2363 relaxa·

1120 2415 1193 2452 mus.
1215 2385 1255 2463 (C.
1278 2400 1347 2458 150).

1067 2488 1276 2554 Perspicaciter
1294 2487 1487 2548 attendentes,
1514 2488 1594 2555 quod
1614 2503 1652 2541 ex
1671 2487 1765 2541 aliena

1119 2577 1160 2630 rei
1179 2576 1353 2630 detencione
1372 2607 1407 2613 -
1428 2605 1460 2614 -
1480 2607 1515 2614 —
1533 2577 1682 2644 quoslibet
1700 2591 1765 2630 suc·

1120 2681 1263 2718 cessores.
1283 2654 1314 2734 (C
1342 2664 1395 2734 51).

1069 2754 1278 2823 Perspicaciter
1297 2763 1329 2807 ut
1348 2771 1435 2821 supra
1455 2763 1552 2808 cetera
1571 2785 1606 2792 —
1623 2785 1650 2792 -
1672 2785 1697 2792 -
1715 2770 1765 2808 vo·

1123 2846 1218 2898 lumus
1238 2845 1392 2898 abstinere.
1412 2833 1450 2913 (C.
1473 2849 1527 2912 52).

1070 2933 1204 2987 Pervenit
1222 2934 1260 2986 ad
1280 2949 1343 2995 nos,
1362 2935 1442 3003 quod
1462 2941 1493 2986 tu
1512 2936 1607 2988 minus
1627 2963 1659 2972 —
1681 2963 1712 2970 —
1731 2961 1764 2971 -

1123 3031 1152 3076 te
1171 3023 1287 3077 noveris
1306 3024 1472 3077 incurrisse.
1493 3012 1532 3092 (C.
1554 3023 1626 3090 197).

1070 3111 1204 3165 Pervenit
1222 3111 1259 3164 ad
1280 3129 1341 3177 nos,
1361 3113 1442 3180 quod
1463 3128 1515 3164 vos
1535 3113 1664 3180 liquores
1684 3141 1717 3148 —
1733 3139 1764 3149 -

1124 3229 1157 3239 —
1178 3215 1231 3268 pro
1252 3201 1361 3255 meritis
1379 3210 1560 3270 recepturos.
1579 3195 1619 3269 (C.
1640 3203 1712 3266 171).

1071 3290 1196 3344 Petimus
1221 3290 1410 3355 confidenter,
1435 3299 1581 3359 quatenus
1609 3291 1767 3344 exhibitori

1125 3407 1154 3416 —
1182 3409 1209 3416 -
1228 3409 1261 3418 -
1281 3381 1438 3450 dignemini
1457 3381 1632 3446 mancipare.
1652 3371 1692 3449 (C.
1712 3379 1766 3447 95).

1071 3467 1197 3522 Petimus
1218 3469 1406 3536 confidenter,
1432 3477 1578 3538 quatenus
1597 3468 1715 3524 fratrem
1732 3498 1765 3506 -

1123 3584 1157 3595 -
1178 3587 1209 3594 —
1230 3573 1284 3611 nec
1303 3559 1434 3614 salutem.
1454 3549 1493 3626 (C.
1513 3559 1586 3627 224).

1070 3647 1203 3708 Petimus,
1232 3657 1263 3700 ut
1282 3649 1319 3701 de
1337 3663 1383 3712 e0,
1412 3648 1492 3718 quod
1511 3649 1712 3702 mandavimus
1734 3677 1766 3686 -

1124 3765 1156 3774 —
1189 3767 1222 3774 -
1254 3739 1458 3790 remmittenda
1490 3737 1584 3802 luerit,
1617 3737 1767 3791 iaciemus.

1124 3815 1257 3895 &wi

1072 3913 1118 3967 Pie
1137 3917 1298 3982 postulacio
1323 3915 1480 3968 voluntatis
1503 3944 1532 3954 --
1555 3943 1586 3952 -
1608 3941 1640 3952 -
1665 3931 1697 3968 se
1716 3930 1768 3967 no·

1125 4006 1198 4058 verit
1216 4007 1409 4058 incursurum.
1428 3998 1469 4073 (C.
1493 4003 1552 4073 132)

1071 4091 1183 4154 Preces,
1202 4109 1276 4162 quas
1297 4095 1379 4147 nobis
1399 4103 1495 4146 vestra
1521 4095 1712 4161 precellencia
1734 4123 1767 4132 —

1127 4211 1156 4220 —
1179 4209 1211 4220 -
1232 4182 1318 4250 legati
1337 4184 1505 4250 supradicti.
1526 4182 1567 4251 (ιζ.
1589 4185 1660 4249 173).

1072 4271 1250 4339 Precipimus
1276 4273 1327 4325 tibi
1346 4274 1403 4327 sub
1422 4288 1496 4340 pena
1515 4272 1716 4340 suspensionis
1736 4301 1769 4310 -

1127 4389 1161 4399 -
1184 4391 1211 4399 —
1234 4362 1349 4416 diucius
1368 4363 1493 4416 tolerare
1521 4354 1560 4429 (t'.
1581 4363 1635 4430 8⁴).

1073 4451 1203 4504 Presenti
1223 4452 1333 4518 scripto
1352 4452 1380 4504 in
1401 4454 1460 4504 veri
1481 4451 1676 4520 disposicione
1689 4451 1769 4504 testi·

1127 4539 1216 4594 monii
1293 4568 1327 4578 —
1349 4567 1380 4578 —
1407 4539 1463 4593 fine
1483 4541 1583 4594 debito
1602 4548 1648 4594 est
1668 4541 1769 4606 posita.

1127 4621 1259 4698 mwi

1074 4719 1218 4773 Presentis
1249 4718 1349 4786 scripti
1379 4719 1546 4772 testimonio
1576 4727 1771 4785 protestamur

1128 4839 1160 4847 —
1182 4837 1213 4846 -
1235 4837 1267 4846 -
1300 4810 1337 4860 de
1366 4809 1457 4862 verbo
1486 4811 1523 4862 ad
1555 4811 1676 4863 verbum
1704 4810 1770 4862 talis

1128 4905 1180 4952 est.
1203 4885 1242 4962 (C.
1262 4897 1316 4966 69).

1077 4985 1239 5040 Proiectum
1258 4987 1359 5040 salutis
1377 4987 1536 5040 animarum
1556 4997 1716 5041 vestrarum
1737 5014 1771 5027 -

1130 5105 1162 5114 —
1184 5105 1215 5113 -
1236 5076 1379 5144 premium
1400 5077 1601 5130 obtinendum.
1620 5065 1661 5146 (C.
1682 5083 1752 5136 135).

1076 5163 1131 5217 Pro
1162 5165 1338 5232 quibusdam
1375 5166 1482 5220 nostris
1514 5195 1546 5204 -
1574 5195 1607 5205 -
1627 5194 1661 5205 --
1687 5168 1772 5220 obse·

1130 5255 1229 5324 quium
1249 5255 1430 5310 exhibentes.
1452 5244 1490 5323 (C.
1511 5257 1565 5322 94).
