3968 5848
1055 346 1089 395 ⁶6

349 561 505 634 literatus,
531 560 705 642 religiosus
729 571 763 621 et
786 561 942 640 prudens⁵
968 561 1059 640 quod
1084 579 1143 623 vos
1168 573 1275 622 vestra
1299 562 1508 624 consciencia
1534 581 1599 624 non
1625 564 1795 624 remordet

350 672 382 734 in
407 688 457 744 eo,
482 667 575 750 quod
599 670 684 730 iuste
707 678 823 729 contra
846 685 906 729 vos
930 668 1258 730 excomunicacionis
1281 667 1446 748 prolatam
1473 661 1703 752 [sentencham
1727 670 1793 730 vili·

349 775 493 855 penditis
517 779 626 838 minus
651 773 790 854 provide
814 775 846 836 in
871 776 1006 854 proprie
1023 774 1137 838 salutis
1155 774 1368 854 dispendium
1384 784 1418 837 et
1434 777 1628 839 scandalum
1646 775 1794 850 aliorum,

350 884 636 946 contribucionem
661 884 755 944 vobis
778 884 968 961 impositam
994 901 1061 944 non
1085 883 1259 958 solventes,
1283 891 1317 944 et
1341 883 1418 944 licet
1435 886 1526 962 prius
1543 885 1637 946 vobis
1653 889 1795 974 scripse·

350 993 459 1064 rimus,
495 991 586 1070 quod
627 989 691 1051 hoc
731 989 941 1052 dissimulare
981 1008 1047 1051 non
1079 1008 1258 1067 possumus
1290 993 1353 1052 nec
1384 990 1557 1060 audemus,
1582 1011 1642 1052 vos
1673 1007 1795 1067 tamen,

352 1100 451 1160 hanc²
486 1099 745 1178 pertransientes
777 1099 982 1160 sentenciam
1014 1092 1259 1178 ante(dictam),
1282 1116 1343 1176 pro
1367 1107 1475 1160 vestre
1499 1097 1591 1160 libito
1614 1099 1794 1162 voluntatis

351 1207 578 1267 communioni
602 1213 715 1265 nostre
739 1215 773 1265 et
796 1204 935 1266 aliorum
960 1203 1106 1266 fidelium
1130 1223 1190 1266 vos
1214 1206 1371 1287 ingeritis,
1405 1206 1503 1268 nobis
1527 1225 1644 1285 preces
1668 1219 1794 1268 vestras

339 1312 544 1374 ‘litteratorie
577 1310 790 1373 destinantes.
834 1311 947 1390 Quare
978 1315 1063 1398 scire
1095 1311 1234 1386 debetis,
1266 1311 1368 1392 quod,
1391 1310 1468 1374 licet
1490 1331 1550 1374 vos
1574 1322 1607 1374 et
1631 1313 1793 1375 honorem

350 1429 494 1481 vestrum
518 1417 707 1498 specialiter
722 1417 906 1500 diligamus,
931 1425 1157 1480 verumtamen
1174 1420 1393 1498 pertinaciam
1409 1428 1561 1494 vestram,
1586 1439 1628 1482 ne
1644 1420 1795 1482 trahatur

350 1527 393 1590 ab
425 1527 498 1589 aliis
528 1526 561 1586 in
592 1525 794 1605 exemplum,
829 1525 988 1604 quamdiu
1021 1525 1247 1589 absolucionis
1280 1527 1477 1589 beneficium
1507 1545 1575 1589 non
1604 1528 1794 1594 habueritis.

350 1634 493 1698 tolerare
532 1651 594 1694 nec
625 1632 720 1694 vobis
756 1633 969 1694 comunicare
1005 1651 1183 1710 possumus
1218 1651 1357 1714 quoquo
1392 1635 1505 1708 modo,
1545 1654 1586 1696 ne
1621 1635 1794 1696 trahamus

349 1740 515 1804 maculam
538 1759 583 1801 ex
606 1741 851 1802 temeritatibus
867 1739 997 1813 alienis;
1022 1742 1190 1820 quinymo,
1214 1742 1300 1802 sicut
1324 1743 1412 1820 prius
1438 1742 1533 1804 vobis
1562 1742 1795 1816 intimavimus,

350 1843 392 1910 sib
413 1846 495 1910 infra
527 1856 680 1909 octavam
712 1849 801 1908 beati
833 1845 963 1926 Jacobic
986 1859 1167 1923 venturam,
1203 1848 1329 1927 prelata
1353 1849 1604 1912 contribucione
1628 1850 1794 1928 complete

350 1955 458 2018 soluta
489 1954 715 2017 absolucionis
747 1948 1000 2036 (beneficium)‘¹
1032 1976 1049 2015 a
1082 1954 1233 2033 predicta
1266 1955 1595 2018 excomunicacionis
1625 1959 1794 2018 sentencia

351 2082 419 2126 non
452 2062 671 2136 obtinueritis,
707 2071 742 2123 ut
773 2062 911 2138 debetiS,
944 2072 1067 2124 extunc
1099 2065 1132 2124 in
1157 2062 1378 2142 Pragensibus
1407 2073 1441 2124 et
1471 2065 1665 2126 monasterii
1696 2065 1795 2126 vestri

351 2170 500 2233 ecclesiis
516 2178 549 2231 et
565 2169 655 2245 alias,
679 2170 869 2250 ubicunque
887 2169 1047 2250 expedire
1065 2170 1236 2244 videbitur,
1262 2170 1537 2232 denunciabimus
1552 2180 1586 2232 et
1602 2170 1794 2232 denunciari

351 2275 511 2340 faciemus
534 2297 594 2340 vos
618 2276 741 2338 eideme
766 2277 1093 2338 excomunicacionis
1117 2271 1299 2339 sentencies
1314 2279 1487 2340 subiacere
1505 2277 1732 2357 ecclesiasque
1751 2277 1793 2338 ad

350 2394 493 2446 vestrum
527 2384 764 2446 monasterium
789 2393 980 2463 spectantes
1003 2384 1081 2446 licet
1104 2385 1193 2447 inviti
1217 2385 1419 2447 subiciemus
1442 2385 1672 2448 ecclesiastico
1697 2387 1795 2446 inter·

352 2493 450 2554 dicte.
476 2491 600 2554 Datum
625 2499 687 2553 etc.

458 2665 519 2721 Fol.
542 2667 584 2720 11¹
603 2665 627 2719 ὅ.
649 2671 690 2726 75,
711 2665 755 2718 tel
775 2681 792 2716 v
812 2665 949 2732 rukopise
969 2664 1099 2734 kapituly
1118 2664 1241 2718 Pralske
1259 2663 1334 2733 J40s
1353 2665 1402 2718 fol.
1416 2666 1483 2718 2⁴9¹.
1499 2665 1669 2718 Srovnanr'm
1683 2681 1697 2716 s
1710 2665 1795 2732 pled-

350 2757 516 2827 chazejicim
530 2773 547 2809 a
560 2773 574 2808 s
588 2755 637 2809 cis.
653 2759 686 2810 76
700 2755 820 2824 vysvita,
840 2754 873 2807 ie
887 2755 895 2806 i
909 2755 963 2808 zde
976 2769 1009 2807 se
1021 2754 1108 2822 jedna
1121 2769 1140 2807 o
1153 2755 1299 2821 zaplacenr'
1312 2754 1478 2822 prokurace
1492 2754 1585 2822 legata
1598 2753 1668 2821 Jana
1682 2769 1701 2808 r.
1717 2757 1796 2807 1288.

1050 3081 1099 3140 76.

350 3241 474 3324 Biskup
503 3241 618 3304 Tobia'sv
639 3243 788 3323 nar'r'auje
806 3241 1045 3322 podpr'evoronr',
1068 3241 1129 3320 aby
1151 3241 1228 3302 saal
1248 3239 1358 3302 klatbu
1387 3261 1405 3302 s
1430 3252 1534 3320 epota,
1566 3261 1586 3301 v
1616 3240 1671 3301 niz*
1693 3241 1802 3322 upadl

448 3359 508 3431 pro
532 3348 738 3430 neaaplaceni
761 3347 943 3410 kontrr'buce
973 3367 1016 3408 na
1034 3345 1213 3427 prokuracr'
1231 3345 1432 3428 papeaske‘ho
1455 3348 1564 3426 legdta
1591 3347 1693 3420 Jana.

1562 3504 1686 3584 (1288).

395 3671 583 3751 Episcopus
615 3669 752 3732 mandat
785 3669 893 3746 priori,
930 3677 966 3729 ut
997 3670 1154 3729 abbatem
1188 3686 1282 3729 suurn
1315 3671 1385 3728 vice
1410 3688 1470 3730 sua
1495 3667 1683 3729 absolveret
1706 3671 1749 3730 ab

447 3779 773 3851 excomunicacione,
798 3795 900 3856 quam
923 3795 990 3838 non
1013 3775 1174 3837 solvendo
1199 3775 1486 3836 contribucionem
1512 3777 1705 3836 incurrerat.

455 3933 653 4021 Th(obias)⁸
676 3938 729 3998 dei
760 3938 871 4018 gracia
903 3947 965 3998 etc.
998 3937 1141 3998 honesto
1174 3947 1207 3998 et
1240 3935 1395 4017 religioso
1428 3938 1498 3996 viro
1531 3933 1621 3996 fratri
1639 3983 1645 3996 .
1663 3929 1688 3997 ,ὴ
1718 3938 1794 3996 sub-

349 4050 499 4126 priori..
531 4049 724 4109 monasterii
759 4043 899 4105 salutem
935 4045 969 4105 in
1004 4044 1151 4106 domino.
1196 4041 1394 4105 Honestatis
1433 4054 1541 4103 vestre
1579 4042 1794 4120 providencie

349 4155 587 4218 committimus
624 4171 681 4231 per
722 4161 904 4232 presentes
939 4160 1102 4231 quatenus
1138 4151 1369 4213 honorabilem
1404 4155 1509 4214 virum
1541 4152 1714 4212 dominnm
1740 4147 1794 4212 Hi.

349 4263 506 4324 abbatem
522 4253 674 4322 vestrumj
700 4262 743 4322 ab
759 4259 1087 4320 excomunicacionis
1103 4261 1282 4334 sentencia,
1301 4277 1402 4339 quarn
1419 4257 1596 4320 incurrisse
1612 4258 1795 4320 dinoscitur

348 4389 416 4432 non
440 4368 600 4430 solvendo
625 4376 751 4446 partem
778 4366 1047 4441 contribucionis,
1072 4384 1137 4446 que
1161 4366 1268 4428 eidem
1287 4367 1443 4443 imposita
1468 4363 1576 4427 luerat
1599 4365 1642 4426 ad
1666 4365 1794 4428 dandas

349 4476 606 4556 procuraciones
643 4471 820 4536 venerabili
855 4475 888 4534 in
924 4469 1056 4534 Christo
1092 4473 1176 4550 patri
1212 4474 1350 4535 domino
1384 4471 1539 4552 (Johanni
1563 4470 1792 4551 Tusculano)¹‘

348 4588 519 4665 episcopo,
554 4579 738 4661 apostolice
769 4581 859 4642 sedis
884 4580 1004 4660 legato,
1040 4583 1073 4641 in
1098 4579 1162 4641 hoc
1186 4599 1273 4641 anno
1299 4581 1448 4642 secundo
1473 4599 1532 4642 sue
1556 4579 1739 4660 legacionis
1761 4581 1793 4640 in

347 4696 489 4755 termino
521 4690 583 4751 sibi
608 4689 695 4764 dat0,
732 4691 909 4750 autoritate
934 4687 1031 4748 nobis
1055 4687 1097 4748 ab
1122 4687 1242 4748 eodem
1268 4687 1406 4748 domino
1432 4686 1543 4768 legato
1567 4705 1729 4749 concessa
1754 4706 1792 4748 ac

454 4917 482 4985 a)
499 4918 572 4978 ,hoc‘
591 4934 609 4969 v
628 4917 706 4970 obou
717 4919 758 4970 rk.
775 4945 806 4954 —
820 4914 850 4983 b)
863 4915 990 4976 ,scilicet‘
1003 4915 1040 4969 ln.
1055 4943 1088 4954 -
1102 4915 1129 4978 c)
1149 4913 1233 4976 ,Petri
1253 4917 1337 4966 nunc‘
1358 4913 1462 4981 Kap.J.
1482 4942 1515 4951 —
1537 4913 1567 4975 d)
1581 4913 1732 4980 Doplneno
1746 4914 1792 4966 dle

348 5007 418 5075 Kap.
432 5007 453 5074 J.
486 5035 513 5044 -
545 5005 572 5074 e)
593 5005 687 5069 ,idem‘
714 5005 751 5057 ln.
778 5005 891 5062 ‚eidem¹
916 5005 987 5072 Kap.
1004 5005 1026 5072 J.
1056 5035 1088 5042 --
1117 5003 1344 5073 s),sentenciam
1370 5003 1528 5057 sentencie‘
1555 5002 1593 5054 ln.
1626 5031 1656 5041 -
1686 5005 1715 5072 g)
1742 5003 1793 5072 ,Jo‘

350 5097 419 5164 Kap.
433 5096 453 5164 J.
481 5125 513 5133 -
540 5096 570 5156 h)
590 5093 651 5158 ‚W.‘
679 5095 750 5161 Kap.
763 5093 785 5162 J.
813 5123 843 5132 -
870 5097 890 5160 i)
916 5094 966 5156 ,Rr
994 5093 1098 5163 Kapj.
1127 5123 1156 5133 -
1182 5096 1203 5163 j)
1231 5097 1329 5156 ,tuum‘
1355 5094 1404 5156 In,
1436 5097 1584 5154 ,vestrum‘
1614 5093 1686 5158 Kap.
1704 5089 1726 5158 J.
1764 5121 1790 5128 -—

348 5185 377 5254 lt)
397 5191 464 5248 ,..¹
485 5185 532 5246 In..
552 5185 600 5247 ,B.¹
621 5184 691 5253 Kap.
705 5183 726 5252 J.
