4008 5846
1043 402 1077 452 50

337 615 504 677 bonorum
536 615 679 677 ecclesie
703 613 887 692 Saccensis,
922 618 964 679 sit
987 620 1078 699 gravi
1110 616 1303 680 infirmitate
1328 637 1496 696 opressus,
1534 618 1576 680 de
1600 619 1694 681 cuius
1717 619 1783 679 vita

338 725 470 799 penitus
505 723 751 803 desperaretur,
793 733 955 802 petentes,
1001 731 1038 785 ut
1068 723 1173 803 ipsius
1197 723 1260 800 G,
1295 726 1322 786 si
1355 726 1547 800 decesserit,
1581 724 1783 788 deberemus

338 829 537 890 interdicere
561 831 776 908 sepulturam.
801 828 845 892 Et
859 832 936 911 quia
960 831 1070 893 dictus
1094 830 1158 906 G.,
1182 841 1363 911 antequam
1387 842 1513 895 vestras
1538 832 1664 896 litteras
1692 848 1781 893 rece·

338 940 512 1015 pissemus,
537 945 588 998 est
612 947 762 997 mortuus
787 948 820 998 et
843 937 1002 1017 sepultus,
1037 950 1147 1001 vestra
1172 940 1364 1018 precamina
1388 958 1456 1001 non
1481 940 1660 1019 potuimus
1684 946 1784 1018 prout

337 1041 504 1115 vellemus,
529 1052 648 1122 optato
673 1043 804 1106 effectui
829 1046 1029 1123 mancipare,
1054 1044 1132 1108 licet
1155 1047 1251 1108 vobis
1276 1055 1309 1108 et
1332 1046 1474 1110 ecclesie
1498 1043 1656 1108 Saccensi
1680 1063 1780 1125 super

337 1150 492 1228 dampnis
516 1159 549 1212 et
573 1151 699 1213 iniuriis
716 1154 869 1232 irrogatis
893 1154 1023 1214 sincero
1047 1153 1291 1228 compatiamur
1307 1154 1438 1227 affectu,
1462 1172 1502 1214 ea
1526 1155 1660 1232 propria
1684 1171 1782 1231 repu-

338 1265 457 1334 tantes,
493 1257 592 1332 unde,
618 1257 698 1338 quid
723 1278 823 1340 super
848 1258 922 1336 hoc,
946 1278 1022 1320 cum
1047 1278 1100 1321 res
1124 1279 1190 1322 non
1215 1260 1256 1320 sit
1279 1264 1416 1343 integra,
1450 1260 1503 1342 agi
1527 1259 1651 1322 debeat
1675 1260 1781 1320 racio·

337 1365 491 1426 nabiliter
514 1375 616 1446 atque
641 1367 735 1442 iuste,
770 1386 833 1428 nos
857 1369 981 1428 curetis
1013 1365 1261 1429 deliberacione
1292 1367 1468 1446 prehabita
1493 1365 1680 1442 informare,
1705 1366 1781 1446 quia

337 1491 398 1533 nos
421 1473 453 1533 in
479 1471 540 1534 hiis
571 1479 605 1533 et
629 1472 700 1534 aliis
735 1481 871 1552 propter
905 1481 1013 1536 vestre
1045 1474 1243 1536 sinceritatis
1278 1477 1396 1536 merita
1431 1474 1593 1536 exaudire
1621 1485 1782 1548 tenemur,

338 1589 438 1658 prout
462 1582 629 1660 convenit,
654 1598 771 1658 preces
795 1590 930 1642 vestras.

443 1753 504 1808 Fol.
523 1755 548 1806 5¹
568 1753 592 1808 d.
610 1759 654 1817 32,
673 1753 718 1807 tei
739 1770 756 1805 v
776 1755 914 1822 rukopise
933 1755 1063 1824 kapituly
1085 1753 1207 1808 Praiske
1226 1754 1240 1822 J
1260 1753 1306 1806 40¹³
1327 1754 1373 1808 sol.
1394 1759 1454 1810 279.
1473 1753 1500 1807 Ο
1520 1755 1776 1824 chronologiclrem

337 1842 435 1896 urdeni
455 1845 568 1912 srovnej
590 1859 671 1910 pozn.
692 1861 711 1896 u
731 1843 754 1898 c.
774 1843 1035 1913 piedchazejiciho.

1032 2133 1084 2195 33.

339 2289 461 2372 Jaky'sz'
485 2291 527 2355 H.
551 2292 689 2354 dostdva'
713 2291 756 2354 od
777 2291 912 2374 biskupa
943 2293 973 2356 T
969 2292 1074 2355 obia‘le
1096 2291 1323 2354 kdodasne'mu
1346 2290 1463 2354 driem'
1484 2300 1556 2354 tora
1570 2313 1592 2354 u
1610 2271 1779 2372 (cervenai

334 2379 447 2460 dedice
473 2419 495 2460 a
518 2400 676 2480 aavaauje
702 2420 737 2462 se
759 2419 800 2460 aa
823 2410 851 2460 to
875 2399 984 2462 brdnz't
1006 2397 1181 2481 biskupskd
1206 2397 1317 2479 statky
1339 2419 1360 2459 v
1383 2377 1535 2460 Zelivsku
1554 2397 1643 2479 proti
1665 2399 1780 2480 nepia'-

905 2507 1037 2586 telsky'm
1061 2507 1210 2586 vpddzim.

1414 2643 1675 2729 (1279-1290).

387 2809 473 2872 Baro
505 2830 525 2872 a
557 2809 695 2870 domino
719 2809 882 2889 episcopo
905 2809 1068 2887 recipiens
1100 2812 1323 2872 municionem
1349 2809 1406 2871 dat
1429 2808 1491 2870 sibi
1515 2808 1626 2871 literas
1650 2827 1727 2872 curn

425 2920 621 2991 iuramento,
646 2915 738 2995 quod
763 2913 806 2976 ad
832 2916 1088 2996 requisicionem
1111 2917 1215 2996 ipsius
1239 2917 1347 2994 ipsam
1371 2916 1531 2978 restituet.

438 3059 510 3122 Nos
534 3058 576 3120 H.
602 3059 710 3120 dictus
735 3057 777 3120 de
796 3106 827 3120 ..
865 3059 958 3120 istius
993 3059 1106 3138 scripti
1143 3059 1335 3120 testimonio
1372 3056 1567 3136 profitemur
1602 3079 1642 3121 ac
1677 3059 1777 3120 etiam

334 3163 509 3250 (publice)¹
533 3173 757 3246 protestamur
789 3175 822 3226 et
847 3165 1006 3227 universis
1039 3174 1213 3245 presentes
1237 3159 1378 3227 litterasb
1402 3165 1601 3243 inspecturis
1624 3165 1778 3229 volumus

333 3295 407 3336 esse
431 3283 556 3350 notum,
581 3273 672 3353 quod
697 3291 759 3334 nos
776 3273 902 3334 sincere
918 3272 1107 3334 dilectionis
1124 3274 1375 3346 constanciam,c
1398 3289 1465 3350 qua
1490 3290 1552 3334 nos
1577 3290 1653 3333 cum
1677 3291 1777 3335 vene-

334 3383 429 3444 rabili
460 3383 492 3441 in
517 3379 649 3444 Christo
685 3387 779 3458 patre
814 3379 953 3442 domino
984 3373 1165 3461 Th(0bia)‘¹
1188 3378 1243 3441 dei
1277 3381 1387 3460 gracia
1424 3378 1597 3460 Pragensi·
1615 3381 1777 3460 episcopo

334 3489 564 3569 amplectimur
589 3497 703 3548 mutuo
728 3495 762 3548 et
785 3485 945 3563 fovemus,
970 3488 1145 3565 cupientes
1168 3487 1200 3548 in
1224 3504 1286 3547 suo
1310 3485 1423 3566 vigore
1446 3485 1562 3547 debito
1586 3488 1777 3566 perdurare,

334 3597 557 3659 municionem
582 3596 652 3656 eius
676 3605 710 3655 et
734 3593 908 3674 Pragensis
939 3591 1080 3655 ecclesie
1104 3611 1162 3655 sue
1196 3591 1287 3673 apud
1317 3587 1486 3675 Recicz⁸¹)
1518 3589 1649 3656 forense
1673 3595 1776 3673 ipsius

333 3703 481 3782 opidum,
506 3702 538 3762 in
562 3702 659 3762 bonis
683 3710 717 3762 et
740 3701 1009 3780 possessionibus
1026 3701 1240 3780 episcopatus
1264 3701 1314 3763 sui
1334 3700 1440 3777 sitam,
1466 3701 1509 3762 ab
1534 3701 1654 3762 eodem
1679 3702 1776 3764 nobis

334 3811 471 3873 domino
507 3810 669 3888 episcopo
701 3811 734 3868 in
759 3809 933 3886 presencia
969 3807 1106 3885 capituli
1137 3808 1187 3869 sui
1219 3807 1489 3869 commendatam
1525 3811 1712 3888 recepimus
1736 3829 1776 3870 ac

333 3919 553 3989 commissam,
577 3919 696 3995 ipsam,
730 3914 883 3976 homines
907 3924 940 3976 et
964 3915 1054 3976 bona
1090 3915 1305 3994 episcopatus
1329 3915 1378 3976 sui
1402 3913 1547 3976 iamdicti
1570 3915 1603 3975 in
1628 3917 1776 3994 partibus

334 4026 502 4107 provincie
526 4017 701 4086 Siloensiss
728 4031 761 4084 et
778 4021 869 4097 alias,
893 4031 1054 4101 quantum
1073 4041 1251 4100 possumus
1275 4032 1309 4084 et
1334 4024 1518 4101 poterimus
1534 4019 1672 4084 domino
1695 4041 1773 4085 con-

333 4133 481 4206 cedente,
517 4151 578 4212 per
602 4150 664 4192 nos
702 4139 735 4193 et
766 4139 899 4192 nostros
935 4132 978 4191 ab
1010 4130 1236 4192 invasionibus
1271 4137 1305 4191 et
1341 4129 1592 4206 opressionibus
1616 4129 1775 4202 violentis

332 4241 445 4318 spoliis
481 4249 514 4300 et
538 4241 663 4318 rapinis
694 4259 733 4300 ac
757 4237 882 4300 iniuriis
907 4235 1113 4318 quibuslibet
1146 4245 1319 4316 tamquam
1354 4237 1444 4298 bona
1468 4245 1582 4297 nostra
1615 4235 1775 4299 naturalia

332 4359 404 4410 toto
428 4365 528 4426 posse
551 4363 613 4423 pro
629 4345 753 4407 viribus
769 4342 946 4421 defensuri,
970 4344 1144 4422 stipendiis
1164 4344 1344 4406 dumtaxat
1360 4351 1394 4403 et
1410 4343 1573 4405 reditibus
1596 4341 1674 4404 illisv
1696 4362 1774 4404 con-

331 4455 421 4528 tenti,
446 4455 501 4534 qui
525 4451 623 4514 nobis
647 4459 723 4514 sunt
746 4460 779 4513 et
797 4453 919 4512 nostris
943 4470 1004 4529 pro
1030 4452 1133 4530 ipsius
1149 4449 1347 4512 municionis
1371 4449 1523 4511 custodia
1547 4469 1606 4529 per
1630 4449 1774 4511 eundern

332 4563 504 4625 dominum
529 4559 724 4640 episcopum
749 4558 911 4637 deputati.
951 4555 995 4620 Et
1019 4558 1116 4620 istam
1148 4559 1375 4618 municionem
1408 4555 1580 4635 possidere
1605 4567 1639 4618 et
1662 4566 1775 4618 tenere

331 4669 495 4730 debemus
526 4667 568 4728 ad
600 4666 806 4728 voluntatem
838 4665 987 4728 eiusdem
1011 4667 1139 4728 domini
1172 4665 1332 4744 episcopi,
1364 4665 1468 4746 patris
1491 4673 1524 4724 et
1548 4666 1647 4726 amici
1671 4665 1775 4726 nostri

331 4773 503 4850 karissimi,
535 4773 695 4854 quamdiu
728 4776 800 4853 ipse
823 4773 965 4835 voluerit
989 4783 1021 4834 et
1045 4773 1230 4835 decreverit
1260 4781 1294 4833 et
1318 4771 1380 4834 sibi
1405 4770 1571 4833 videbitur
1602 4773 1774 4851 expedire.

331 4881 547 4945 Promisimus
581 4899 727 4960 namque
762 4891 877 4942 nostra
913 4880 1058 4943 manuali
1089 4879 1156 4942 fide
1180 4879 1259 4941 data
1295 4881 1359 4960 ipsi
1384 4879 1520 4940 domino
1555 4879 1716 4959 episcopo
1740 4887 1775 4940 et

438 5076 466 5140 a)
486 5072 638 5140 Doplneno
667 5073 714 5124 dle
744 5071 847 5140 KapJ.
873 5101 899 5108 —
922 5073 952 5140 b)
973 5072 1091 5136 ,litteris‘
1120 5071 1170 5132 ln.,
1199 5071 1326 5136 ,litteras‘
1355 5069 1461 5137 Kap,J.
1484 5097 1515 5108 -
1535 5067 1561 5136 e)
1589 5069 1775 5130 ,constancia‘

331 5181 347 5216 v
368 5165 446 5218 obou
467 5164 508 5216 rk.
529 5191 561 5200 -
585 5162 616 5230 d)
637 5161 684 5230 ,Jo‘
706 5161 777 5229 Kap.
790 5161 811 5228 J.
834 5191 862 5198 -
886 5163 914 5226 e)
934 5161 1053 5225 ,Becicz‘
1074 5161 1121 5225 ln,
1151 5161 1248 5214 schazi
1268 5177 1283 5211 v
1304 5159 1409 5226 Kapl.
1429 5187 1460 5197 —
1483 5157 1505 5228 s)
1526 5160 1594 5221 ‚sue‘
1615 5159 1685 5226 Kap.
1699 5157 1720 5226 J.
1740 5185 1774 5197 -

331 5254 358 5322 g)
379 5255 434 5316 ,illi‘
453 5253 501 5316 ln,
522 5252 592 5314 ,illis‘
613 5250 719 5318 KapJ.
