3988 5844
1033 400 1084 448 172

336 621 520 675 conventus
552 615 651 675 vestri
682 613 894 676 consorcium
926 613 1092 692 recipiatis
1123 613 1226 676 nostri
1259 632 1368 686 causa,
1400 613 1491 675 salva
1522 617 1623 674 vestri
1656 612 1783 675 ordinis

335 719 516 799 disciplina.
566 718 713 799 Quilibet
746 739 892 800 namque
923 721 1040 794 abbas,
1065 723 1316 801 cuiuscunque²
1346 721 1471 783 ordinis
1502 731 1535 781 et
1567 720 1783 801 professionis

335 829 468 906 existat,
493 821 690 907 apostatasb
714 847 794 890 suos
819 846 975 889 revocare
999 836 1134 896 tenetur¹
1153 830 1269 889 iuxtac
1297 835 1422 889 statuta
1453 826 1587 889 concilii
1610 827 1782 909 generalis,

335 935 380 996 ita
405 934 496 1013 quod
520 935 552 994 in
578 935 641 996 hoc
666 954 755 1011 casu,
785 935 869 996 sicut
895 935 1002 1006 decet,
1027 935 1115 1016 rigor
1147 929 1399 997 misericordiad
1419 943 1641 1011 temperetur,
1666 935 1784 997 leniter

335 1061 478 1122 namque
504 1044 686 1124 castigatus
711 1045 934 1105 reverenciam
960 1042 1099 1104 exhibet
1125 1043 1307 1124 castiganti,
1334 1042 1520 1122 asperitatis
1544 1053 1656 1104 autem
1682 1045 1784 1104 nimia

336 1149 526 1230 increpacio
552 1169 612 1211 nec
637 1152 885 1212 correccionem
910 1153 1051 1228 recipite
1075 1171 1135 1212 nec
1161 1150 1312 1212 salutem.
1339 1149 1462 1211 Datum
1488 1159 1549 1210 etc.

444 1287 503 1341 Fol.
522 1294 555 1342 37
575 1287 599 1340 d.
620 1293 680 1352 224,
701 1287 744 1341 tel
759 1305 775 1339 v
789 1289 928 1356 rukopise
949 1288 1078 1358 kapituly
1098 1289 1221 1342 Pralske
1234 1289 1248 1357 J
1263 1286 1309 1341 40l
1330 1288 1376 1340 lol.
1398 1283 1469 1341 264'.
1490 1287 1783 1358 Ochronologickem

336 1378 467 1430 omezenr'
488 1379 587 1430 rotem
609 1381 678 1431 1290
697 1393 772 1432 stov.
793 1379 872 1432 dvod
892 1378 916 1431 11
936 1383 957 1430 3.

1027 1561 1101 1624 225.

337 1700 460 1782 Biskup
490 1700 520 1765 Τ
516 1701 605 1764 obicis
628 1703 775 1785 dovoluje
797 1705 941 1766 klristeru
966 1703 1182 1766 Benediktz'nd
1206 1723 1227 1764 v
1251 1699 1434 1785 (Ostrovlil
1458 1703 1539 1764 volit
1569 1701 1599 1764 si
1629 1711 1724 1781 opatu
1748 1724 1784 1762 se

947 1811 1041 1874 sve'lzo
1067 1811 1170 1874 sbotu.

1190 1951 1300 2034 (1289
1318 1974 1362 2014 na
1385 1952 1524 2016 aaldtku
1548 1951 1675 2032 rokui).

459 2095 649 2175 Episcopus
672 2096 889 2159 condolendo
914 2097 956 2159 de
982 2107 1090 2159 morte
1114 2097 1247 2160 abbatis
1271 2098 1330 2158 dat
1354 2101 1402 2159 eis
1426 2101 1660 2161 auctoritatem

612 2203 752 2284 eligendi
776 2205 934 2265 abbatem
958 2204 1002 2266 de
1025 2205 1152 2286 gremio
1177 2205 1319 2267 ecclesie
1345 2207 1502 2285 ipsorum.

443 2339 641 2427 Th(obias)r
660 2345 713 2408 dei
739 2353 801 2407 etc.
827 2345 958 2408 dilectis
982 2349 1015 2408 in
1041 2345 1174 2410 Christo
1199 2347 1271 2410 filiis
1297 2347 1331 2410 C.
1356 2351 1459 2428 priori
1483 2359 1517 2410 et
1541 2350 1718 2410 conventui
1733 2396 1739 2408 .
1754 2395 1782 2408 ..

337 2451 486 2514 ordinisl
508 2454 614 2514 sancti
632 2449 802 2514 benedicti
825 2453 966 2516 salutem
991 2464 1022 2516 et
1048 2461 1220 2532 paternam
1247 2459 1280 2518 in
1304 2457 1442 2517 domino
1467 2455 1649 2517 caritatem.
1674 2452 1783 2534 Super

336 2559 431 2620 obitu
452 2561 520 2620 cari
541 2559 645 2620 nostri
666 2567 700 2620 et
719 2563 821 2622 vestri
841 2561 974 2623 abbatis
1000 2556 1049 2624 ..¹¹
1074 2563 1162 2624 bone
1183 2563 1343 2624 memorie
1364 2581 1431 2624 non
1451 2556 1538 2624 tarni
1565 2563 1660 2624 vobis
1681 2580 1782 2641 quarn

336 2666 433 2726 nobis
458 2665 513 2744 pio
538 2683 581 2726 ex
605 2665 729 2727 intimis
754 2667 938 2743 precordiis
962 2671 1083 2730 nostris
1101 2671 1349 2746 compacientes
1374 2669 1504 2738 aflectu,
1526 2669 1673 2746 liberam,
1696 2670 1782 2731 sicut

335 2765 489 2850 petistisl,
512 2772 655 2852 eligendi
674 2775 705 2834 in
723 2773 880 2835 abbatem
904 2792 1082 2851 personam
1103 2775 1271 2852 ydoneam
1292 2777 1334 2837 de
1354 2779 1481 2859 gremio
1506 2775 1646 2838 ecclesie
1666 2786 1781 2853 vestre,

336 2897 401 2957 que
432 2879 527 2940 vobis
554 2888 587 2940 et
610 2887 721 2942 vestro
753 2884 960 2944 monasterio
993 2881 1115 2944 utiliter
1146 2902 1280 2964 preesse
1312 2885 1421 2946 valeat
1444 2895 1477 2946 et
1502 2883 1673 2963 prodesse,
1703 2903 1782 2944 con·

336 2985 486 3047 cedimus
518 2984 718 3062 facultatem,
742 2998 858 3050 tenore
889 2989 985 3050 vobis
1016 2993 1224 3068 presencium
1255 2991 1473 3072 iniungentes,
1498 2999 1535 3052 ut
1566 3011 1626 3070 pro
1651 2993 1724 3070 ipso
1749 3001 1782 3052 et

334 3093 440 3170 ipsius
472 3093 581 3154 anima
605 3095 651 3155 sic
677 3095 832 3156 continue
864 3097 1105 3175 omnipotentis
1132 3097 1186 3159 dei
1211 3098 1474 3160 misericordiam
1506 3101 1664 3173 exoretis,
1688 3099 1779 3179 quod

334 3200 397 3262 sibi
422 3199 575 3280 proficiat
599 3201 809 3276 adsalutem,
834 3221 920 3278 eum,
946 3223 1046 3284 quem
1070 3205 1178 3266 vivum
1194 3204 1366 3283 dilexistis,
1392 3207 1493 3267 etiam
1517 3213 1685 3268 mortuum
1710 3205 1781 3266 dili-

334 3307 456 3389 gendo.
483 3306 608 3370 Datum
632 3319 693 3370 etc.

444 3445 503 3498 Fol.
524 3451 557 3500 37
578 3446 601 3500 ἐ.
622 3451 683 3509 225,
704 3447 748 3499 tel
768 3463 785 3498 v
805 3447 943 3516 rukopise
962 3450 1090 3519 kapituly
1106 3447 1314 3520 PratskeJtot
1334 3451 1382 3505 lol.
1396 3456 1466 3506 264'.
1486 3451 1511 3504 V
1532 3453 1554 3505 d.
1575 3457 1628 3505 229
1645 3454 1734 3522 jednd
1749 3471 1781 3508 se

334 3549 352 3585 0
365 3535 521 3603 vysvdceni
534 3535 610 3588 nove
623 3536 783 3589 zvoleneho
799 3545 887 3603 opata
901 3536 1110 3592 Ostrovskeho.
1131 3539 1383 3606 Pravddpodobne
1402 3542 1513 3595 souvisr'
1531 3548 1593 3594 tato
1611 3541 1680 3596 disla
1697 3543 1780 3611 nejen

334 3622 450 3676 blizkou
472 3623 600 3692 polohou
619 3641 655 3678 ve
674 3626 777 3687 sblrce,
799 3627 842 3679 ale
862 3627 871 3678 i
891 3627 1048 3680 obsahove.
1086 3627 1145 3681 Pal<
1171 3629 1296 3698 bychom
1317 3631 1410 3684 musili
1433 3632 1534 3684 ovsem
1561 3632 1698 3685 dovoleni
1717 3641 1781 3686 toto

334 3713 442 3779 pololit
462 3713 500 3765 do
520 3714 643 3766 zadatku
670 3717 745 3768 rolru
765 3719 835 3771 1289
863 3715 945 3770 Srov.
966 3732 1049 3784 pozn.
1070 3735 1087 3770 u
1109 3719 1132 3771 d.
1153 3723 1213 3771 229.

1022 3898 1096 3960 226.
1178 3904 1180 3906 ’

333 4036 458 4118 Biskup
489 4037 601 4100 saliet
632 4038 720 4100 deida'
750 4041 1001 4121 nesinenovanou
1032 4041 1189 4123 kapitula,
1214 4043 1274 4123 aby
1304 4043 1438 4106 ntkomu
1469 4044 1591 4107 adtlila
1617 4045 1781 4128 prebenda

736 4146 963 4224 uprdsdne'nou
986 4149 1085 4210 smrtz'
1104 4149 1288 4212 kanovnz'ka
1316 4150 1391 4224 Jar.

1360 4292 1464 4370 (1279
1481 4329 1518 4336 --
1538 4295 1671 4377 mour).

408 4432 597 4512 Episcopus
622 4431 836 4494 condolendo
862 4433 904 4494 de
929 4442 1036 4494 morte
1060 4435 1211 4497 canonici
1237 4445 1332 4517 rogat
1355 4456 1424 4511 eos,
1449 4448 1485 4498 ut
1509 4437 1586 4499 nulli
1612 4439 1705 4501 alteri

557 4539 765 4620 prebendam
789 4559 885 4616 suam
909 4540 1029 4601 darent
1053 4559 1154 4620 quam
1179 4543 1232 4618 illi,
1257 4561 1357 4622 quern
1383 4546 1554 4626 contingit.

440 4677 637 4764 Thlobias)¹‘
660 4683 715 4744 dei
746 4690 807 4743 etc.
834 4681 1087 4746 honorabilibus
1114 4686 1191 4748 viris
1223 4687 1361 4748 domino
1387 4685 1422 4750 C.
1447 4691 1620 4768 preposito
1651 4689 1780 4770 totique

333 4789 480 4869 capitulo
498 4792 529 4850 in
549 4838 553 4850 .
573 4839 578 4850 .
597 4789 738 4852 salutem
760 4809 836 4851 cum
858 4793 987 4852 sincera
1004 4793 1037 4853 in
1054 4792 1193 4855 domino
1213 4793 1363 4856 caritate.
1388 4791 1498 4872 Super
1518 4796 1611 4858 obitu
1632 4797 1781 4878 magistri

439 4981 466 5048 a)
486 4982 672 5050 ,cultumque‘
692 4981 730 5037 ln.
747 5011 779 5020 -
800 4981 829 5049 b)
850 4989 985 5050 ,apostas‘
1004 4981 1043 5037 ln.
1059 5013 1090 5021 -
1102 4981 1129 5052 c)
1148 4984 1240 5044 ‚iusta‘
1261 4982 1310 5050 ln,
1331 4986 1428 5047 ,iuxta‘
1442 4984 1508 5054 Kap
1531 4985 1552 5054 J.
1568 5014 1599 5024 -
1620 4986 1650 5054 d)
1664 4987 1779 5048 ,miseri-

332 5071 441 5135 cordie,
460 5071 499 5124 ln.
529 5099 562 5109 -
592 5072 620 5136 e)
640 5071 778 5134 ‚exhibet‘
798 5071 869 5140 Kap.
883 5073 905 5141 J.
936 5101 968 5111 —
1000 5071 1023 5140 f)
1043 5071 1100 5141 ,Jo‘
1122 5072 1192 5141 Kap.
1206 5073 1228 5143 J.
1258 5103 1290 5111 —
1319 5076 1347 5143 g)
1368 5077 1405 5136 ,in
1424 5073 1542 5127 ordinis‘
1562 5075 1602 5128 ln.
1629 5105 1661 5114 -
1688 5074 1718 5144 h)
1737 5075 1781 5138 ,C‘

333 5159 403 5228 Kap.
418 5160 440 5230 J.
464 5190 496 5199 -
520 5159 539 5227 i)
560 5168 717 5230 ,tamquam
743 5160 826 5213 nobis
853 5161 944 5215 vobis‘
970 5161 1043 5228 Kap.
1056 5163 1079 5232 J.
1110 5191 1140 5200 —
1169 5162 1191 5233 j)
1211 5164 1352 5230 ,potestis‘
1378 5163 1427 5230 ln,
1454 5163 1584 5232 ,petistis
1610 5165 1681 5232 Kap.
1694 5165 1716 5234 J.
1748 5193 1781 5204 -

333 5251 362 5316 lr)
383 5249 441 5318 ,Jo.¹
462 5249 533 5318 Kap.
547 5250 568 5318 J.
