3968 5848
1027 477 1062 526 54

321 699 339 736 a
356 699 375 735 v
393 691 477 736 textu
497 683 564 752 stoji
589 683 627 748 ,in
650 683 796 738 dominica
822 687 929 738 mensis
955 686 1155 754 Septembris‘.
1187 687 1320 756 Nejspise
1349 687 1418 758 bylo
1437 705 1455 740 v
1473 683 1604 757 pdvodni
1632 692 1768 743 ztracene

321 770 416 825 sbirce
432 772 530 841 jrneno
556 772 663 826 mesice
683 771 839 836 ,Octobris‘
867 775 998 842 napsino
1023 776 1153 830 limslrou
1178 776 1268 830 cislici
1287 793 1303 830 a
1322 777 1499 831 koncovkou
1520 779 1599 842 -bris,
1626 779 1769 847 jednotlry

320 857 674 932 eislice,V111¹asnejak
702 864 836 932 splynuly
862 865 1019 934 azavdaly
1048 865 1159 932 pilcinu
1185 867 1339 933 spatnemu
1367 865 1445 920 cteni
1464 865 1661 934 ,Septembris‘
1681 867 1768 921 misto

320 949 483 1010 ,Octobris‘.

1016 1173 1069 1234 60.

322 1311 448 1392 Bz'skup
465 1307 612 1392 (Tobra'i)
625 1310 785 1373 advola'vd
797 1333 830 1372 se
846 1334 865 1374 a
881 1313 1022 1375 rozkaau
1038 1314 1147 1394 legdta
1153 1315 1355 1395 papeasklho
1371 1336 1393 1377 a
1408 1315 1617 1397 arcibiskupa
1633 1315 1767 1379 Molruc'·

618 1417 716 1481 skdho
740 1440 757 1482 0
779 1419 908 1501 placent
923 1419 1105 1502 prokurace
1127 1421 1149 1483 k
1171 1420 1277 1484 stolici
1294 1423 1464 1504 papeiskd.

1240 1617 1345 1696 (1288
1365 1618 1497 1680 zaidtek
1520 1617 1661 1700 laeana).

428 1777 516 1860 (Nos
540 1775 691 1838 Thobias
715 1777 770 1838 dei
787 1777 897 1860 gracia
916 1777 1090 1859 Pragensis
1107 1781 1287 1856 episcopus
1312 1780 1396 1841 scire
1421 1780 1573 1842 volumus
1590 1827 1597 1842 .
1614 1827 1621 1840 .
1637 1826 1653 1854 .,
1677 1781 1768 1860 quod

323 1903 385 1945 uos
397 1883 508 1945 literas
524 1883 697 1945 reverendi
712 1885 745 1945 in
762 1879 894 1946 Christo
912 1885 1015 1962 patris
1032 1895 1065 1946 et
1081 1886 1206 1947 domini
1224 1889 1331 1948 nostri
1347 1885 1483 1949 Henrici
1500 1895 1616 1950 sancte
1633 1886 1771 1968 lllagun·

323 1993 391 2053 tine
404 1991 543 2052 ecclesie
555 1989 801 2071 archiepiscopi
814 1990 963 2052 secunda
972 1989 1053 2053 feria
1065 1991 1218 2070 proxima
1231 2001 1309 2070 post
1319 1992 1532 2070 dominicam,
1544 2014 1609 2076 qua
1619 2003 1771 2055 cantatur

323 2093 462 2180 ,Oculi)²
485 2099 568 2173 mei‘,
602 2100 802 2176 recepimus,
834 2098 865 2158 in
891 2099 1013 2178 quibus
1037 2099 1234 2161 mandatum
1258 2101 1432 2162 reverendi
1454 2101 1487 2163 in
1511 2099 1643 2163 Christo
1668 2105 1772 2179 patris

324 2213 358 2266 et
382 2203 508 2267 domini
531 2201 722 2287 Jolhannis)
756 2205 808 2265 dei
832 2207 944 2284 gracia
971 2201 1196 2283 (Tusculanill’
1220 2206 1379 2287 episcopi,
1404 2207 1590 2286 apostolice
1614 2207 1704 2269 sedis
1727 2207 1770 2270 le·

324 2314 403 2393 gati,
438 2312 499 2373 sibi
531 2321 565 2374 et
588 2314 685 2376 nobis
717 2311 884 2388 traditum,
922 2291 1114 2374 evidencius
1139 2315 1336 2376 continetur.
1378 2313 1477 2378 Unde
1502 2334 1577 2376 cum
1602 2315 1772 2393 predictus

324 2421 482 2481 dominus
505 2429 668 2482 noster..
693 2419 893 2480 auctoritate
925 2419 1068 2498 predicti
1100 2420 1201 2502 legati
1232 2422 1331 2484 nobis
1363 2431 1397 2483 et
1426 2421 1517 2483 clero
1549 2431 1666 2484 nostro
1690 2422 1771 2483 dicti

326 2526 425 2608 legati
449 2527 697 2606 procuracionis
720 2526 855 2589 nornine
880 2524 985 2588 CLXc
1010 2546 1140 2589 marcas
1164 2531 1239 2604 puri
1263 2531 1392 2610 argenti
1416 2522 1664 2612 Colonyelnsis]
1689 2547 1772 2608 pon-

324 2633 414 2695 deris
449 2634 597 2716 diligenti
631 2635 810 2696 taxacione
848 2634 1025 2714 prehabita
1060 2635 1258 2713 imposuerit
1289 2645 1322 2696 et
1346 2635 1485 2697 easdem
1519 2635 1603 2697 inira
1628 2637 1771 2698 duorum

325 2742 488 2802 mensium
520 2741 669 2820 spacium
694 2761 712 2802 a
737 2760 872 2803 suarum
906 2740 1075 2803 literarum
1108 2741 1304 2820 recepcione
1341 2761 1400 2822 per
1430 2751 1582 2804 nostrum
1613 2745 1772 2804 nuncium

326 2859 444 2908 nostro
468 2857 501 2908 et
525 2848 604 2910 cleri
628 2849 731 2910 nostri
756 2849 902 2927 periculo
927 2847 1007 2910 dicti
1031 2847 1129 2930 legati
1155 2867 1288 2910 camere
1312 2849 1361 2910 vel
1387 2852 1487 2928 priori
1513 2861 1546 2910 et
1570 2850 1771 2929 penitencia·

327 2949 398 3016 riisd
422 2953 559 3017 fratrum
583 2956 835 3035 predicatorum
868 2956 899 3016 in
925 2957 1106 3019 civitate..
1139 2951 1361 3036 (mandaverit
1392 2951 1567 3039 assignari)
1599 2957 1662 3017 sub
1688 2975 1775 3035 pena

326 3063 665 3138 excornunicacioniS,
701 3081 802 3143 quam
840 3063 1051 3143 supradictus
1088 3063 1309 3125 dominus..e
1343 3072 1412 3125 tam
1449 3063 1549 3145 legati
1580 3083 1681 3144 quarn
1713 3083 1773 3124 sua

330 3172 528 3231 auctoritate
553 3171 584 3232 in
607 3189 669 3231 nos
701 3169 840 3249 protulit
872 3173 903 3231 in
935 3171 1074 3249 scriptis,
1106 3171 1132 3232 si
1156 3170 1307 3249 predicta
1330 3191 1398 3234 non
1422 3189 1615 3232 curaremus
1640 3171 1773 3233 effectui

328 3277 528 3356 mancipare.
568 3277 664 3339 Licet
689 3286 800 3338 autem
835 3277 975 3356 predicti
999 3277 1126 3338 domini
1151 3276 1251 3358 legati
1276 3297 1315 3340 ac
1340 3277 1469 3340 domini
1493 3280 1599 3340 nostri
1625 3324 1655 3337 ..
1681 3295 1774 3338 man-

328 3385 416 3447 datis
441 3385 578 3446 obedire
604 3384 741 3446 velimus
765 3385 844 3446 totis
868 3384 1001 3458 viribus,
1027 3393 1124 3465 prout
1147 3385 1254 3460 decet,
1278 3396 1391 3447 tamen
1415 3388 1494 3466 quia
1518 3395 1653 3464 propter
1678 3403 1775 3446 casus

327 3489 489 3565 fortuitos
514 3495 571 3570 qui
594 3499 644 3552 tot
668 3501 753 3566 sunt,
787 3495 844 3572 qui
869 3491 912 3553 ab
937 3493 1084 3554 humano
1112 3493 1235 3554 iudicio
1260 3494 1423 3572 previderi
1454 3512 1521 3554 non
1545 3485 1701 3570 possunts,
1727 3485 1775 3572 (et

329 3606 430 3676 prout
454 3601 561 3660 eciam
586 3601 619 3660 in
643 3618 744 3661 causa
762 3598 858 3661 simili
883 3599 982 3678 priori
1008 3601 1078 3660 vice
1102 3601 1199 3662 nobis
1223 3609 1256 3661 et
1272 3603 1396 3663 nostris
1427 3600 1556 3660 nunciis
1588 3599 1774 3660 dinoscitur

329 3705 500 3782 accidisse,
531 3706 798 3786 assignacionem
830 3707 981 3785 predicte
1013 3709 1154 3785 pecunie
1186 3710 1218 3770 in
1242 3707 1317 3768 loco
1350 3719 1383 3768 et
1407 3709 1550 3769 termino
1575 3704 1775 3783 supradictis

329 3821 439 3892 preter
475 3812 606 3892 culpam
643 3821 794 3875 nostram
831 3814 1008 3895 contigerit
1044 3814 1205 3876 retardari
1241 3823 1274 3876 et
1299 3834 1358 3893 per
1382 3832 1593 3894 consequens
1618 3812 1776 3890 predictis

329 3922 508 3982 sentenciis
533 3921 863 3982 excomunicacionis
879 3940 941 3983 nos
965 3918 1142 4002 obligarilfl,
1166 3921 1314 3983 volentes
1339 3924 1437 4004 igitur
1453 3921 1529 3982 huic
1554 3918 1701 3998 periculo
1725 3917 1775 3979 vel

331 4028 450 4088 morbo
476 4027 574 4089 celeri
605 4027 754 4088 remedio
781 4027 926 4100 obviare,
958 4047 1001 4088 ex
1033 4027 1333 4106 superhabuntanti
1366 4046 1498 4090 necnon
1531 4027 1573 4087 ad
1609 4025 1775 4086 cautelam

332 4135 363 4195 in
389 4134 451 4196 hiis
475 4137 606 4213 scriptis
623 4134 666 4194 ad
684 4134 800 4196 sedem
818 4133 1040 4212 apostolicam
1058 4133 1269 4213 appellamus,
1287 4137 1489 4197 subicientes
1513 4153 1583 4208 nos,
1600 4132 1776 4194 ecclesiam

331 4239 530 4323 Pragensem
554 4252 734 4304 aestatum
753 4251 903 4303 nostrum
921 4241 1127 4319 proteccioni
1144 4242 1293 4304 eiusdem
1311 4242 1401 4304 sedis
1418 4240 1605 4320 apostolice
1628 4239 1776 4319 speciali.

331 4343 384 4430 (In
408 4351 502 4410 cuius
525 4353 573 4412 rei
596 4343 866 4428 testimonium.)h

439 4487 500 4540 Fol.
520 4491 544 4540 9‘
571 4488 594 4542 c.
614 4493 656 4550 60,
682 4487 729 4541 tei
748 4505 766 4539 v
786 4489 925 4555 rukopise
951 4488 1080 4556 kapituly
1106 4485 1230 4539 Praiske
1249 4487 1263 4556 J
1283 4487 1330 4540 40l
1354 4487 1402 4540 iol.
1423 4491 1484 4539 240.
1522 4485 1618 4540 Tento
1646 4487 1693 4538 list
1719 4485 1776 4554 jest

331 4592 349 4628 v
368 4577 454 4644 inspr.
481 4577 620 4644 rukopise
645 4577 765 4630 slouden
785 4593 799 4629 s
819 4577 843 4630 ὅ.
864 4581 906 4643 59,
927 4577 961 4630 ac
981 4577 1000 4628 k
1019 4577 1105 4629 nemu
1135 4574 1255 4642 nepatii.
1294 4575 1333 4628 Po
1359 4575 1477 4627 slovech
1503 4573 1620 4636 ,Datum
1712 4588 1776 4640 pre·

439 4773 466 4842 a)
486 4773 639 4842 Doplneno
658 4773 706 4826 dle
726 4772 849 4826 aadatlru
869 4773 893 4826 c.
911 4776 954 4825 61.
974 4801 1007 4810 -
1022 4771 1050 4838 b)
1071 4772 1152 4834 ,talis‘
1167 4769 1235 4838 llap.
1248 4769 1270 4838 J.
1301 4799 1322 4808 ·
1344 4771 1371 4830 cl
1391 4768 1488 4833 ,LXC‘
1501 4769 1549 4833 ln.,
1569 4772 1609 4834 ,C‘
1623 4767 1730 4837 Kapl.
1748 4797 1776 4806 -

332 4862 363 4934 d)
383 4863 429 4929 ,de
450 4863 604 4930 penitariis‘
624 4863 664 4914 In.
685 4892 717 4899 -
738 4864 765 4927 e)
787 4862 860 4924 ,talis
880 4861 911 4916 C‘
937 4861 1009 4928 Kap.
1022 4860 1045 4928 J.
1068 4889 1097 4898 —
1119 4859 1141 4928 s)
1161 4859 1187 4911 V
1207 4859 1245 4913 ln.
1265 4876 1299 4913 za
1324 4860 1434 4912 slovem
1460 4864 1601 4926 ,possunt‘
1627 4865 1689 4911 tato
1715 4859 1780 4924 pie-

333 4954 433 5007 triena
461 4953 557 5007 slova:
578 4952 744 5018 ,provident
769 4959 801 5004 ut
826 4965 914 5018 supra
934 4965 1028 5018 usque
1051 4949 1300 5020 assignacionem‘.
1321 4977 1348 4987 —
1374 4945 1402 5018 g)
1422 4947 1575 5015 Doplndno
1600 4947 1647 5000 dle
1667 4947 1738 5014 Kap.
1757 4945 1780 5014 J,

333 5060 351 5096 v
370 5043 409 5096 ln.
430 5043 497 5094 veta
516 5049 611 5110 ,prout
630 5041 716 5094 etiam
730 5041 897 5094 -termino
909 5039 1113 5107 suprascriptis
1133 5044 1232 5106 preter
1251 5053 1304 5090 nos
1318 5037 1408 5107 ligari‘
1428 5051 1465 5088 na
1484 5037 1572 5090 lronci
1591 5037 1658 5089 listu
1677 5051 1695 5089 a
1713 5035 1778 5104 pie·

334 5133 461 5186 skrtana.
485 5162 515 5169 —-
536 5131 566 5198 lr)
587 5129 740 5198 uoplneno
768 5131 815 5184 dle
835 5129 908 5199 Kap.
927 5129 948 5197 J,
976 5129 1034 5182 kde
1058 5129 1127 5198 nyni
1153 5127 1303 5197 nasleduje
1329 5127 1434 5193 nadpis
1463 5127 1579 5180 miniem
1605 5125 1780 5193 ,Episcopus

334 5221 460 5292 appellat
487 5229 589 5274 contra
617 5219 743 5289 legatum
768 5217 829 5288 (ad)
859 5219 968 5272 curiam
988 5216 1157 5272 Romanam*
1184 5233 1200 5269 a
1226 5232 1264 5284 po
1293 5216 1360 5270 nam
1386 5216 1433 5269 list
1457 5217 1517 5283 pod
1542 5215 1566 5268 ὅ.
1588 5221 1620 5270 61
1641 5215 1681 5268 od
1699 5214 1782 5268 slova

333 5313 425 5377 ,Licet
443 5311 522 5365 alias¹
541 5309 573 5363 ai
593 5309 633 5363 do
652 5309 754 5362 konce.
