3988 5844
884 405 935 454 179

185 615 306 680 forensi
337 617 554 698 episcopatus
585 618 689 680 nostri
722 628 947 682 exercuerunt
982 638 1041 698 per
1077 620 1160 702 ignis
1196 621 1388 682 incendium
1422 631 1455 682 et
1490 622 1632 699 rapinas,

185 723 320 784 demum
357 743 436 785 vero
473 725 563 786 idem
599 717 767 809 Wit[k0]²
800 745 877 788 cum
911 727 979 788 suis
1014 725 1235 806 complicibus
1266 746 1342 790 cum
1378 729 1487 808 spolio
1523 726 1632 820 Pilgri··

184 831 346 892 moviensi
369 834 402 892 in
419 831 691 915 Budiuogeuicz⁸
713 831 887 894 redeundo
911 831 1023 895 Thin·
1036 829 1062 916 ¹)
1084 835 1182 896 etiam
1200 832 1332 896 forense
1349 836 1487 913 opidum
1503 836 1631 914 episco-

185 945 282 1015 patus
305 939 410 1000 nostri
443 939 475 1000 in
507 939 676 1019 provincia
709 937 910 1002 Behinensi²
933 948 967 1001 et
990 952 1118 1020 septem
1151 939 1253 1017 villas,
1285 961 1369 1022 quas
1405 942 1492 1004 circa
1523 944 1631 1023 ipsum

184 1042 297 1105 Thin·
327 1045 439 1107 adhuc
475 1045 630 1108 meliores
674 1045 892 1122 habebamus,
927 1047 1080 1127 spoliavit
1114 1057 1149 1110 et
1184 1049 1297 1127 spoliis
1332 1048 1450 1111 ablatis
1484 1049 1631 1111 totaliter

184 1153 378 1228 combussit,
404 1151 531 1232 prefata
556 1151 662 1231 spolia
687 1155 988 1233 compauperibus
1011 1153 1136 1216 ibidem
1161 1156 1334 1234 captivatis
1358 1175 1458 1236 quarn
1482 1155 1631 1237 pluribus

182 1278 298 1320 secum
322 1261 356 1322 in
380 1259 655 1342 Budiuogouicz⁸
677 1261 887 1324 deducendo.
913 1259 1027 1340 Quare
1043 1271 1150 1324 vestre
1166 1263 1392 1325 dominacioni
1416 1263 1631 1324 devotissime

182 1366 418 1445 supplicamus,
448 1376 615 1447 quatenus
639 1386 739 1447 super
763 1368 829 1430 hoc
852 1368 949 1430 nobis
981 1379 1015 1432 et
1046 1367 1174 1448 prefate
1207 1369 1362 1452 Pragensi
1385 1370 1536 1446 ecclesie,
1567 1371 1627 1450 spi·

183 1473 292 1534 rituali
322 1467 444 1534 matrib
478 1483 597 1550 vestre,
628 1475 737 1537 taliter
768 1476 944 1554 providere
979 1476 1167 1560 dignemini,
1205 1477 1296 1558 quod
1328 1477 1423 1540 vobis
1458 1477 1557 1539 cedat
1587 1478 1631 1540 ad

182 1578 325 1660 gloriam
350 1589 383 1641 et
408 1580 583 1643 honorem.
609 1581 732 1643 Datum
759 1591 820 1643 etc.

290 1752 351 1809 nol.
372 1759 415 1808 ³8¹
436 1756 460 1809 ὅ.
474 1760 535 1816 235,
555 1756 600 1809 tei
619 1773 637 1808 v
656 1757 796 1824 rukopise
816 1759 945 1827 kapituly
965 1757 1088 1811 Praiske
1100 1759 1115 1828 J
1129 1755 1175 1810 40s
1194 1757 1241 1813 sol.
1257 1763 1325 1811 244¹.

294 1881 313 1950 ¹)
333 1881 397 1950 Tyn
417 1881 474 1934 nad
495 1880 630 1935 Vltavou.

869 2135 942 2196 236.

181 2295 305 2376 Br'skup
336 2291 481 2376 Nabidi)
512 2295 671 2374 odpovz‘dd
701 2293 858 2356 krdlovnt
887 2295 972 2357 Gutl
998 2293 1020 2356 k
1051 2296 1173 2377 jejz'mu
1203 2294 1355 2370 roskaru,
1386 2296 1447 2376 aby
1477 2297 1560 2359 soud
1588 2317 1629 2358 aa

178 2404 326 2482 pr'ztv'nou
361 2403 620 2484 neoprdvnlndlro
653 2404 824 2483 nystaoeni
857 2402 978 2465 kostela
1009 2422 1054 2463 na
1084 2401 1195 2464 statku
1217 2403 1325 2484 jejt'lzo
1359 2403 1547 2466 sludebm'ka
1578 2403 1633 2485 hyl

181 2509 313 2572 odloden
336 2510 377 2572 do
396 2509 555 2590 pr'r‘chodu
583 2509 727 2582 krdlova,
759 2509 795 2570 ἔτ
821 2509 905 2570 saud
933 2529 967 2571 se
998 2511 1089 2570 mairie
1118 2508 1232 2571 leonati
1261 2510 1356 2586 lzned,
1382 2512 1552 2590 pondvadl
1574 2511 1629 2572 υἷε

600 2617 707 2699 spodii
725 2616 795 2697 pod
810 2620 985 2698 pravemer
1007 2615 1210 2698 biskupskou.

1392 2703 1521 2786 (1289).

270 2850 460 2930 Episcopus
483 2850 622 2912 mandat
645 2851 764 2932 regine,
789 2850 879 2929 quod
905 2849 1085 2911 adventum
1110 2849 1194 2930 regis
1218 2848 1342 2911 nollet0
1365 2849 1538 2930 prestolari

271 2961 304 3020 in
328 2956 475 3038 quadam
500 2977 601 3018 causa
626 2957 844 3034 discutienda,
870 2957 962 3038 quod
986 2956 1123 3036 quidam
1147 2955 1323 3018 ecclesiam
1352 2958 1540 3017 construxit

701 3067 732 3126 in
757 3065 893 3127 alterius
918 3065 1112 3126 hereditate.

288 3207 477 3270 Excellenti
501 3215 535 3268 et
558 3207 732 3289 magnifice
758 3200 916 3268 domined
941 3209 1053 3288 regine
1078 3204 1215 3268 Boemie
1237 3215 1299 3268 etc.
1324 3200 1528 3288 Thlobias)e
1553 3205 1628 3266 Pra-

180 3319 292 3398 gensis
316 3319 497 3394 episcopus
521 3317 698 3376 oraciones
723 3315 875 3376 assiduas
898 3315 931 3376 in
956 3315 1092 3376 domino
1125 3313 1265 3376 humiles
1293 3324 1326 3375 et
1350 3313 1500 3375 devotas.
1534 3312 1628 3374 Man·

182 3423 297 3486 datum
337 3421 476 3485 litterale
511 3421 729 3501 precellencie
754 3435 861 3484 vestre
894 3441 969 3482 cum
1001 3441 1041 3483 ea
1073 3440 1139 3500 qua
1172 3422 1285 3484 decuit
1315 3423 1504 3482 reverencia
1537 3440 1627 3483 rece-

182 3532 289 3610 pimus
313 3541 346 3592 et
371 3530 507 3606 honore,
539 3549 598 3609 per
621 3529 713 3609 quod
738 3529 970 3604 intelleximus,
1002 3529 1093 3608 quod
1135 3529 1295 3590 iudicium
1332 3548 1391 3606 pro
1428 3529 1569 3590 ecclesia
1588 3575 1594 3590 .
1613 3575 1629 3604 .,

182 3657 282 3720 quam
307 3683 339 3700 ..
364 3644 453 3699 et..
478 3637 557 3698 dicti
585 3637 628 3697 de
661 3637 718 3698 tali
750 3636 827 3698 loco
859 3639 892 3698 in
925 3635 1110 3698 hereditate
1137 3684 1166 3696 ..
1192 3638 1292 3697 vestri
1327 3636 1493 3696 servitoris
1525 3653 1564 3696 ac
1594 3638 1627 3696 in

182 3749 285 3826 ipsius
309 3744 528 3824 preludicium
553 3753 824 3816 construxerunt,
859 3763 965 3824 usque
990 3743 1034 3804 ad
1059 3744 1238 3804 adventum
1264 3742 1478 3820 precordialis
1502 3741 1629 3803 domini

181 3853 292 3926 nostri,
317 3851 444 3914 domini
468 3847 687 3932 W(enceslai)
720 3850 854 3913 illustris
886 3849 1021 3912 Boemie
1054 3852 1140 3931 regis
1173 3858 1205 3910 et
1237 3849 1440 3911 marchionis
1471 3847 1628 3921 Moravie,

181 3963 289 4022 mariti
313 3961 413 4021 vestri
437 3957 609 4031 karissimi,
641 3961 674 4020 in
700 3957 902 4035 Bohemiam,
927 3977 1028 4037 quem
1051 3957 1183 4018 sincero
1209 3963 1365 4035 optamus
1389 3955 1521 4028 aflectu,
1552 3973 1628 4033 pro·

179 4068 310 4130 trahere
335 4066 553 4141 deberemus;
578 4078 612 4129 et
637 4086 711 4128 cum
729 4067 760 4128 in
779 4065 843 4127 hoc
861 4085 941 4128 casu
965 4065 1137 4144 spirituale
1160 4063 1320 4125 iudicium
1343 4064 1393 4138 sit,
1417 4063 1461 4124 ad
1477 4071 1627 4124 nostrum

179 4184 336 4254 spectans
360 4193 503 4236 examen
528 4183 562 4236 et
584 4193 651 4236 non
676 4172 718 4234 ad
743 4173 902 4235 iudicium
927 4172 1052 4234 domini
1077 4175 1173 4253 regis,
1206 4189 1360 4252 rogamus
1391 4169 1628 4231 excellenciam

179 4292 333 4358 vestram,
368 4289 405 4342 ut
439 4281 539 4358 illum,
576 4282 633 4363 qui
669 4300 728 4342 vos
763 4280 806 4342 ad
843 4280 907 4341 hoc
943 4280 1082 4354 induxit,
1106 4277 1293 4340 nullatenus
1325 4276 1514 4352 attendatis,
1550 4276 1627 4356 quia

182 4390 333 4467 predicto
358 4434 390 4450 ..
414 4392 567 4451 servitori
590 4398 701 4450 vestro
726 4387 832 4465 parati
857 4405 980 4460 sumus,
1006 4385 1085 4447 dum
1110 4403 1172 4447 nos
1198 4385 1373 4464 requisitos
1398 4383 1560 4460 habuerit,
1583 4382 1627 4445 ad

180 4497 421 4577 querimoniam
445 4498 479 4557 in
496 4515 574 4557 casu
595 4493 758 4576 spirituali
783 4492 972 4557 huiusmodi
997 4491 1159 4554 exhibere
1183 4493 1313 4553 iusticie
1337 4490 1628 4568 complementum,

181 4603 304 4666 Datum
330 4613 393 4664 etc.

286 4777 346 4834 Fol.
366 4783 401 4832 39
427 4777 451 4830 ὅ.
472 4782 533 4842 236,
562 4777 607 4831 tei
633 4794 651 4830 v
670 4777 809 4844 rukopise
834 4777 965 4845 kapituly
990 4771 1205 4842 PraaskeJrot
1225 4771 1273 4824 sol.
1292 4774 1361 4826 278⁴.
1387 4769 1473 4825 Slova
1501 4771 1548 4836 ,ad
1576 4770 1626 4823 ad·

180 4875 299 4922 ventum
329 4867 502 4921 domini...
522 4867 660 4935 regis...
680 4867 708 4919 in
727 4865 904 4926 Bohemiam,
930 4880 1018 4932 quern
1046 4869 1198 4917 sincero
1223 4868 1395 4930 optamus
1424 4859 1574 4913 alsectu‘
1595 4875 1627 4912 se

180 4957 251 5011 hodi
268 4956 353 5010 velmi
373 4955 466 5010 dobte
486 4957 506 5010 k
524 4956 628 5010 situaci
648 4971 669 5008 r.
690 4957 768 5021 1289,
788 4955 847 5025 kdy
868 4954 975 5008 Vaclav
995 4953 1042 5024 byl
1062 4967 1099 5006 na
1118 4950 1236 5006 Morave
1256 4967 1273 5006 a
1292 4965 1328 5004 ve
1347 4948 1468 5004 Slezsku
1487 4949 1577 5018 akdy
1587 4947 1626 5018 jej

285 5151 312 5223 a)
332 5151 435 5206 Schazi
454 5167 474 5205 v
493 5152 565 5219 Kap.
579 5151 601 5220 J.
624 5180 655 5189 -
675 5150 706 5218 b)
726 5151 842 5214 ,matris‘
862 5151 903 5204 ln.
923 5178 955 5188 -
976 5147 1003 5219 c)
1022 5148 1126 5216 ‚vellet‘
1145 5147 1185 5202 ln.
1211 5177 1244 5187 -
1271 5145 1302 5216 d)
1320 5146 1446 5211 ,domine
1466 5143 1498 5200 C‘
1518 5143 1590 5212 Kap.
1604 5143 1626 5212 J.

180 5271 212 5282 -
232 5243 259 5310 e)
278 5243 337 5311 ,Jo.‘
357 5242 429 5310 Kap.
444 5241 466 5310 J.

1469 5339 1519 5394 12*
