3988 5844
1056 389 1109 438 212

361 604 485 677 vestris,
518 602 673 662 omnibus
705 601 777 662 aliis
801 603 950 682 negociis
970 601 1198 665 consimilibus
1216 604 1379 682 petitoriis
1402 604 1578 683 prohibitis
1602 615 1636 666 et
1660 607 1807 682 remotis,

360 710 446 771 sicut
470 709 534 770 hoc
559 711 590 770 in
615 707 817 788 quibusdam
835 708 908 770 aliis
932 709 1033 772 literis
1050 711 1248 786 continetur,
1272 709 1433 774 honestos
1457 712 1544 776 viros
1569 721 1806 790 procuratores

360 817 482 878 milicie
505 817 612 878 sancti
636 815 792 878 Iohannis
811 813 1062 880 lerosolimitani
1086 817 1216 879 tamdiu
1240 827 1274 880 et
1289 837 1406 880 eorum
1423 819 1572 895 nuncios,
1596 819 1806 881 exhibitores

359 923 578 1003 presencium,
603 925 635 984 in
660 922 892 1000 promovendo
917 943 978 985 suo
1003 927 1144 1007 negocio
1168 923 1363 1002 admittatis,
1393 927 1503 989 donec
1528 925 1618 988 aliud
1643 936 1807 1007 exparte
1845 1005 1847 1008 Ι

359 1030 463 1091 nostri
489 1031 582 1091 vobis
606 1029 721 1092 datum
747 1028 901 1093 fueritin
927 1035 1104 1110 preceptis.

467 1202 526 1257 Fol.
547 1211 581 1260 49
600 1203 624 1258 ὅ.
643 1209 705 1266 271,
724 1204 770 1257 tei
790 1220 808 1256 v
828 1206 869 1258 rk.
884 1205 1016 1274 kapituly
1029 1205 1154 1260 Praislre
1173 1207 1188 1276 J
1208 1205 1256 1260 40⁵
1276 1206 1323 1262 lol.
1344 1207 1413 1262 231¹.
1434 1207 1516 1262 Srov.
1531 1207 1695 1275 poznfimku
1716 1224 1735 1260 u
1754 1206 1805 1262 dis.

359 1296 419 1356 152,
439 1294 497 1348 kde
516 1293 593 1347 totei
613 1293 794 1363 privilegium
814 1309 846 1346 se
865 1295 937 1348 udili
955 1293 1028 1348 iadu
1048 1289 1139 1364 rytiiii
1159 1313 1199 1348 sv.
1220 1295 1329 1350 Lazara
1348 1296 1612 1366 Jerusalemskeho.

1000 1527 1160 1535 —

553 1687 806 1780 popnfinv
836 1706 864 1778 z
893 1687 1312 1782 nuicnovsnsno
1344 1705 1614 1782 Runousu

1037 1990 1113 2054 272.

354 2153 479 2235 Biskup
510 2153 538 2217 Τ
535 2152 625 2214 obicisv
645 2151 733 2213 rada
748 2150 871 2214 ulvodu
889 2149 1101 2233 (dericlza)
1116 2149 1324 2214 Bavorskllzo
1340 2175 1357 2215 o
1370 2154 1531 2233 prrlvodnz
1549 2155 1605 2216 list
1619 2154 1656 2215 ke
1671 2152 1799 2217 koncr'ru

958 2258 1000 2321 do
1033 2257 1240 2320 Wriraburku.

1302 2379 1409 2466 (1287
1431 2385 1566 2448 aaddtelr
1589 2383 1692 2468 roku).

459 2545 751 2608 Excellentissimo
771 2554 804 2606 et
824 2544 1002 2628 magnifico
1024 2545 1161 2624 principi
1190 2546 1327 2607 domino
1353 2541 1583 2630 (Henrico)⁸¹)
1612 2547 1666 2610 dei
1692 2550 1803 2630 gracia

354 2655 465 2716 inclito
491 2653 627 2714 Bavarie
651 2652 727 2715 duci
751 2645 929 2732 Th(obias)
954 2650 1129 2735 Pragensis
1145 2652 1325 2732 episcopus
1348 2672 1385 2715 se
1408 2655 1516 2734 ipsum
1541 2673 1618 2716 curn
1643 2665 1803 2734 perpetue

353 2759 516 2823 felicitatis
540 2768 730 2842 augmento.
756 2759 810 2823 Ad
826 2761 999 2822 reverendi
1023 2762 1055 2822 in
1080 2757 1211 2822 Christo
1236 2762 1339 2839 patris
1363 2763 1467 2824 nostri
1490 2762 1617 2824 domini
1641 2761 1804 2842 Johannis

352 2867 559 2930 Tuschulani
583 2869 740 2947 episcopi,
758 2865 943 2946 apostolice
970 2866 1058 2928 sedis
1080 2861 1204 2948 legati,b
1217 2867 1350 2946 publice
1373 2869 1583 2930 evocacionis
1608 2869 1802 2931 mandatum

353 2973 443 3054 apud
457 2974 667 3052 Herbipolim
690 2976 723 3035 in
741 2973 803 3035 hac
820 2973 974 3055 proxime
989 2982 1128 3036 ventura
1145 2975 1400 3056 quadragesima
1417 2975 1520 3054 ipsius
1543 2975 1707 3038 debemus
1723 2995 1803 3038 con·

352 3083 437 3158 cili0,
450 3084 543 3162 quod
554 3081 679 3144 ibidem
693 3080 923 3155 celebrabitur,
936 3081 1106 3142 interesse,
1119 3079 1162 3142 Et
1175 3083 1251 3162 quia
1268 3082 1311 3144 ad
1328 3081 1438 3144 locum
1452 3083 1559 3162 ipsum
1573 3103 1635 3147 nos
1648 3093 1706 3145 aut
1719 3101 1802 3144 nun-

353 3191 423 3252 cios
446 3198 580 3252 nostros
616 3188 770 3266 ydoneos
807 3207 867 3268 per
890 3197 1053 3249 terrarum
1089 3199 1273 3250 vestrarum
1307 3189 1456 3252 dominia
1486 3193 1665 3252 transitum
1690 3190 1802 3253 lacere

354 3298 556 3377 opportebit,
591 3296 738 3357 innatam
767 3295 863 3357 vobis
887 3294 1094 3356 celsitudinis
1117 3305 1225 3356 vestre
1253 3294 1524 3373 benivolenciam,
1549 3297 1592 3359 de
1616 3316 1681 3377 qua
1705 3296 1802 3377 plene

351 3402 555 3479 confidimus,
591 3403 682 3464 omni
717 3421 855 3482 precum
878 3403 1049 3482 instancia,
1085 3422 1151 3483 qua
1174 3421 1373 3481 possumus,
1409 3423 1601 3481 exoramus,
1637 3413 1802 3484 quatenus

351 3510 448 3574 nobis
464 3519 497 3572 et
513 3509 670 3590 predictis
688 3510 820 3570 nunciis
844 3509 974 3583 nostris,
999 3512 1025 3571 si
1043 3529 1102 3571 eos
1123 3509 1197 3571 loco
1216 3515 1321 3572 nostri
1346 3513 1390 3573 ad
1414 3511 1602 3589 predictum
1620 3510 1801 3573 concilium

352 3617 549 3680 duxerimus
585 3616 815 3690 destinandos,
851 3635 911 3696 per
942 3617 1051 3678 tocius
1075 3616 1218 3680 ducatus
1254 3619 1354 3680 vestri
1378 3618 1575 3694 dominium,
1610 3619 1802 3697 ubicunque

351 3723 571 3802 personaliter
607 3725 782 3786 transitum
820 3723 998 3785 fecerimus
1029 3734 1087 3786 aut
1110 3727 1215 3786 nostri
1251 3727 1361 3786 nuncii
1386 3726 1577 3805 supradicti,
1614 3727 1657 3788 de
1681 3743 1801 3787 securo

351 3831 521 3895 conductu
546 3851 605 3911 per
629 3830 745 3892 fideles
762 3841 891 3892 vestros
917 3838 950 3892 et
973 3840 1082 3892 vestre
1098 3831 1349 3913 magnificencie
1373 3832 1501 3894 litteras
1524 3840 1680 3911 patentes
1705 3833 1802 3893 latori

350 3942 560 4020 presencium
585 3939 735 4021 graciose
761 3947 795 3998 et
818 3935 1045 3998 favorabiliter
1061 3939 1278 4019 assignandas
1295 3939 1405 4000 taliter
1428 3937 1604 4018 providere
1620 3939 1801 4019 dignemini

348 4056 537 4109 nostrarum
562 4065 698 4125 precum
733 4047 863 4118 intuitu,
896 4047 988 4126 quod
1012 4047 1044 4107 in
1069 4046 1191 4120 eundo,
1223 4046 1399 4108 redeundo
1426 4057 1460 4108 et
1482 4047 1605 4109 stando
1631 4047 1746 4120 eciam,
1771 4049 1799 4109 si

350 4172 437 4230 opus
460 4151 567 4230 fuerit,
591 4154 623 4214 in
648 4151 780 4231 prefato
805 4153 930 4214 ducatu
947 4161 1058 4214 vestro
1083 4153 1114 4213 in
1139 4152 1291 4230 personis
1315 4162 1348 4215 et
1365 4153 1465 4214 rebus
1489 4154 1611 4215 nostris
1635 4162 1669 4214 et
1691 4153 1801 4215 tocius

349 4261 504 4322 comitive
529 4269 642 4322 nostre
666 4257 753 4322 felici
779 4268 890 4322 vestra
915 4259 1085 4321 mediante
1110 4259 1214 4321 tutela
1240 4259 1365 4322 nullum
1381 4259 1593 4339 dispendium
1619 4260 1800 4338 paciamur,

349 4369 499 4443 scientes,
519 4367 610 4449 quod
629 4368 694 4429 hoc
716 4367 811 4429 vobis
837 4375 870 4428 et
893 4367 1009 4429 vestris
1034 4367 1132 4429 cedet
1156 4377 1318 4446 perpetuo
1336 4367 1379 4429 ad
1403 4367 1544 4448 gloriam
1569 4379 1602 4429 et
1627 4367 1801 4442 honorem,

348 4494 477 4556 nosque
501 4475 729 4538 dominacioni
746 4484 856 4536 vestre
881 4475 1021 4553 proinde
1045 4475 1231 4552 specialiter
1247 4475 1369 4536 servire
1385 4476 1575 4536 tenebimur
1600 4483 1633 4536 et
1656 4475 1800 4555 placere.

455 4650 512 4703 Mn.
532 4651 574 4703 rk.
595 4649 643 4702 fol.
665 4649 714 4702 125
734 4648 759 4702 ὅ.
779 4653 814 4702 89
834 4648 951 4714 (Tadra,
971 4648 1095 4702 vestnik
1114 4651 1156 4702 kr.
1171 4648 1227 4702 des.
1240 4649 1313 4716 spol.
1325 4652 1403 4704 naulr
1424 4653 1494 4704 1889
1513 4657 1548 4702 st.
1569 4655 1620 4703 111
1640 4651 1664 4703 ὁ.
1678 4649 1798 4719 XXIV).

346 4737 449 4794 Koncil
475 4755 511 4792 ve
531 4738 717 4793 Wsrrzburku
746 4739 794 4807 byl
823 4738 946 4806 legatem
963 4737 1064 4806 Janem
1089 4739 1190 4792 svolan
1218 4755 1256 4792 na
1277 4743 1293 4789 9
1313 4739 1390 4792 biez.
1417 4742 1486 4792 1287
1508 4739 1649 4806 (Redlich,
1670 4739 1799 4809 chcsta

345 4827 460 4896 Imperii
481 4828 526 4895 Vl,
545 4829 557 4881 l
576 4837 612 4881 st.
632 4827 704 4897 449).
724 4826 849 4881 Pochazi
867 4827 936 4896 tedy
956 4829 1003 4881 list
1021 4835 1103 4882 tento
1122 4829 1165 4880 asi
1185 4843 1217 4880 ze
1237 4829 1360 4883 zatatku
1380 4844 1401 4881 r.
1422 4830 1500 4880 1287.

457 4953 476 5020 ¹)
497 4954 628 5022 Rulropis
660 4953 705 5006 rna
732 4952 896 5018 nespravne
917 4951 978 5018 ,W¹,
1003 4954 1076 5007 roku
1103 4956 1171 5006 1287
1197 4953 1227 5022 je
1252 4952 1388 5006 vevodou
1414 4952 1690 5021 Dolnobavorskv'rm
1723 4981 1752 4989 —
1780 4968 1797 5005 a

346 5060 365 5098 o
384 5044 456 5098 toho
476 5044 529 5096 ade
551 5043 600 5111 jde
620 5072 653 5082 -
672 5043 809 5112 Jindiich.

452 5225 479 5290 a)
499 5223 554 5288 ,W‘
575 5223 629 5275 Mn.
658 5253 678 5259 -
704 5220 733 5286 b)
755 5221 868 5289 ,legato‘
887 5222 944 5274 Mn.
