3968 5848
909 387 943 435 95

889 599 961 662 116.

546 743 649 804 Bratr
669 741 783 804 bantra
807 741 981 821 napomr'nd
1003 739 1025 802 k
1048 739 1134 802 la‘sce
1156 737 1310 802 bratrskl.

364 936 484 1000 Frater
508 935 600 998 fratri
624 935 747 1012 scribit,
772 943 808 996 ut
832 937 941 1014 ipsum
964 935 1069 1016 magis
1094 934 1245 1016 diligeret
1268 937 1354 997 sicut
1377 934 1488 997 frater.

310 1077 395 1142 Cum
411 1079 608 1162 frigescente
632 1077 841 1141 karitatis-
860 1112 902 1120 -
920 1111 961 1121 -
980 1077 1144 1156 compelle
1169 1077 1348 1160 flagranter
1365 1097 1418 1139 me
1434 1077 1649 1141 validioribus

209 1187 349 1252 brachiis
372 1186 611 1266 amplexando.

311 1343 372 1398 Fol.
393 1343 436 1397 16¹
455 1343 480 1397 ὅ.
502 1346 561 1396 116.
582 1343 645 1396 List
663 1349 744 1395 tento
762 1341 790 1411 je
810 1342 930 1396 slohove
949 1341 1061 1396 evideni
1081 1341 1258 1410 pochazejicl
1284 1342 1322 1394 od
1341 1341 1489 1411 Jindiicha
1508 1359 1522 1395 z
1541 1342 1650 1396 isernie

209 1435 261 1487 neb
280 1449 294 1486 z
313 1435 382 1502 jeho
400 1433 486 1501 skoly
505 1449 521 1486 a
541 1431 720 1502 neobsabuje
740 1429 793 1485 nei
812 1431 940 1499 prazdne
961 1429 1045 1484 frase.
1065 1430 1112 1484 Do
1125 1431 1225 1501 sbirky
1245 1429 1307 1483 nasi
1318 1445 1350 1483 se
1364 1431 1457 1484 dostal
1471 1447 1503 1484 as
1517 1448 1532 1484 z
1546 1431 1648 1500 nejalre

207 1524 261 1592 jine
280 1523 451 1590 kompilace.

889 1754 961 1816 117.

208 1898 329 1978 Biskup
359 1898 474 1961 Tobicis‘
496 1898 590 1960 hrorz‘
610 1897 739 1961 klatbou
763 1918 784 1959 a
807 1896 1009 1959 mterdilerem
1035 1893 1242 1978 (Zdislavovi
1255 1918 1276 1959 a
1294 1877 1536 1981 Sternberkai),
1549 1899 1649 1981 jehod

207 2005 272 2068 lide'
290 2001 456 2086 (Pir'bram
479 2026 500 2066 a
524 2001 643 2085 okol‘R)
667 2003 840 2086 zpurtofili,
864 2025 885 2064 a
909 2003 1012 2066 kor‘z'st
1035 2001 1092 2084 (na
1121 2002 1248 2086 Orlr'kr')
1273 2004 1418 2078 odvlrkli,
1442 2005 1650 2068 urrannei-li

585 2121 649 2192 tyto
672 2110 847 2173 ndsilnosti
866 2131 887 2170 a
911 2111 1138 2173 ncnalzradidi
1157 2110 1266 2192 fkody.

1415 2213 1539 2300 (1289).

391 2360 581 2440 Episcopus
606 2363 814 2441 improperat
838 2361 965 2438 baroni,
989 2379 1092 2439 quare
1117 2381 1175 2439 per
1200 2361 1353 2424 homines
1376 2381 1455 2424 suos

441 2468 601 2546 permittit
626 2468 714 2530 bona
739 2487 799 2529 sua
824 2465 959 2548 spoliari
983 2476 1017 2530 et
1040 2475 1078 2529 ut
1102 2467 1258 2532 redderet
1281 2469 1403 2531 ablata.

308 2610 474 2672 Thobias⁸
493 2609 548 2671 dei
572 2612 684 2692 gracia
709 2618 770 2672 etc.
795 2607 899 2672 nobili
919 2609 988 2671 viro
1006 2604 1215 2691 (Zdeslaoi)b
1240 2611 1330 2674 dicto
1347 2610 1389 2672 de
1407 2607 1647 2691 (Sternberlri),

206 2722 312 2781 amico
337 2737 399 2780 suo
423 2716 568 2796 speciali,
594 2726 761 2796 promtam
778 2725 840 2779 etc.
866 2715 1025 2779 Miramur
1040 2727 1074 2778 et
1090 2718 1240 2800 cogimur
1255 2737 1322 2780 non
1339 2719 1457 2780 merito
1474 2719 1648 2793 ammirari,

205 2825 294 2907 quod
319 2843 379 2886 vos
402 2824 554 2898 scientes,
580 2823 672 2904 quod
696 2825 785 2886 bona
810 2823 1024 2902 episcopatus
1040 2824 1145 2886 nostri
1161 2843 1220 2902 per
1236 2834 1363 2887 vestros
1388 2825 1540 2888 homines
1558 2826 1648 2904 prius

206 2932 348 2995 multiter
373 2929 443 2994 lesa
467 2929 606 3006 fuerunt,
630 2950 720 2993 nunc
744 2927 956 3008 (Plibrami)c
979 2929 1118 3010 opidum
1142 2940 1292 2995 nostrum
1318 2941 1352 2994 et
1370 2931 1461 2994 villas
1478 2933 1521 2994 ad
1538 2935 1648 3011 ipsum

204 3048 395 3120 spectantes
419 3055 478 3118 per
502 3045 631 3100 vestros
656 3047 688 3099 et
713 3045 897 3100 vestrorum
922 3039 1106 3099 amicorum
1132 3038 1293 3117 homines,
1317 3058 1403 3120 quos
1428 3041 1460 3102 in
1485 3034 1646 3120 (Orliki)‘¹

204 3147 391 3208 municione
415 3152 524 3206 vestra
547 3143 692 3220 locastis,
715 3143 849 3224 spoliari
865 3154 899 3206 et
914 3144 1128 3225 quamplures
1151 3145 1275 3208 ibidem
1308 3146 1469 3208 vulnerari
1494 3148 1645 3209 homines

204 3254 409 3334 permisistis,
430 3253 473 3314 de
489 3252 655 3331 prioribus
672 3250 786 3329 spoliis
802 3252 924 3314 nostris
941 3261 974 3313 et
990 3260 1181 3314 nostrorum
1197 3254 1294 3315 nobis
1310 3253 1398 3315 nulla
1416 3252 1647 3316 satisfaccione

204 3363 349 3439 inpensa.
383 3359 427 3421 Et
451 3362 528 3440 quia
553 3358 660 3440 spolia
684 3369 718 3421 et
741 3359 855 3436 rapine
879 3358 1072 3422 huiusmodi
1096 3358 1196 3421 factee
1219 3361 1251 3423 in
1277 3355 1488 3442 (Piibramilf
1509 3370 1543 3422 et
1565 3359 1648 3422 villis

206 3469 362 3546 predictis
385 3469 455 3530 sine
480 3475 596 3528 nostro
621 3465 787 3528 demerito
811 3466 871 3529 ad⁸
890 3465 1053 3544 prefatum
1078 3463 1186 3546 (Orlik
1196 3460 1234 3546 ?)s
1247 3467 1386 3547 opidum
1410 3475 1553 3529 vestrum
1570 3477 1647 3530 sunt

204 3574 357 3651 deducta,
381 3593 443 3636 nos
459 3573 501 3636 de
517 3583 630 3636 cetero
647 3572 727 3636 talia
743 3572 886 3635 tolerare
902 3582 937 3635 et
952 3573 1160 3636 dissimulare
1184 3573 1393 3654 aliquatenus
1410 3593 1477 3637 non
1494 3573 1647 3650 valentes,

204 3680 408 3744 nobilitatem
432 3689 577 3743 vestram
608 3700 784 3743 monemus
815 3681 978 3742 attencius
1009 3690 1042 3742 et
1074 3680 1254 3757 hortamur,
1285 3691 1321 3744 ut
1352 3685 1504 3744 universa
1536 3681 1646 3744 ablata

205 3787 353 3868 predicta
377 3789 475 3850 nobis
499 3797 533 3849 et
556 3788 678 3850 nostris
703 3788 894 3851 hominibus
919 3788 1045 3850 restitui
1069 3787 1209 3864 faciatis,
1234 3788 1277 3850 de
1297 3787 1386 3850 illata
1411 3789 1528 3852 iniuria
1551 3789 1649 3850 nobis

204 3905 236 3957 et
258 3895 415 3976 Pragensi
443 3895 583 3958 ecclesie
613 3905 726 3957 nostre
757 3893 1022 3958 satisfaccionem
1054 3891 1200 3957 debitam
1232 3895 1467 3974 impendendo
1498 3904 1532 3957 et
1555 3896 1645 3975 quod

205 4003 355 4064 homines
386 4011 514 4064 vestros
545 4009 579 4063 et
603 4001 696 4077 alios,
728 4003 785 4082 qui
808 4004 841 4063 in
864 4011 974 4064 vestro
1007 4003 1192 4064 consistunt
1223 4003 1393 4082 obsequio,
1425 4023 1445 4064 a
1469 4003 1647 4064 nostriset

204 4119 392 4172 nostrorum
424 4108 466 4170 de
490 4117 603 4171 cetero
636 4109 844 4171 coherceatis
869 4109 1118 4190 gravaminibus
1143 4118 1176 4170 et
1198 4107 1344 4184 offensis,
1369 4110 1519 4184 seientes,
1544 4108 1646 4188 quod,

204 4217 229 4278 si
254 4213 377 4277 factum
403 4214 469 4278 hoc
493 4233 561 4277 non
586 4215 692 4288 fuerit,
724 4216 834 4279 locum
859 4215 958 4290 illum,
990 4215 1033 4277 de
1057 4234 1124 4296 quo
1149 4214 1255 4296 spolia
1279 4213 1367 4278 facta
1391 4225 1468 4278 sunt
1492 4217 1524 4278 in
1549 4217 1646 4278 bonis

204 4320 452 4402 episcopalibus
484 4333 517 4383 et
549 4321 613 4384 alia
646 4324 837 4404 gravamina
868 4324 1012 4404 irrogata
1042 4331 1075 4384 et
1107 4323 1150 4385 ad
1182 4341 1283 4402 quem
1315 4323 1506 4403 supradicta
1540 4323 1645 4403 spolia

203 4440 278 4491 sunt
309 4427 466 4504 deducta,
496 4446 656 4512 cogemur
687 4429 913 4493 ecclesiastico
946 4431 1098 4492 subicere
1129 4430 1306 4492 interdicto
1331 4441 1455 4494 ettam
1485 4429 1645 4494 facientes

203 4555 301 4617 quam
327 4537 582 4598 consencientes
613 4537 942 4600 excomunicacionis
972 4539 1143 4599 sentencia
1175 4537 1338 4600 innodare
1362 4557 1401 4600 ac
1425 4537 1564 4601 eosdem
1589 4538 1645 4600 de·

201 4646 359 4706 nunciare
393 4661 500 4724 usque
536 4642 579 4705 ad
612 4642 878 4707 satisfaccionem
915 4644 1117 4728 condignam
1153 4643 1281 4722 prefate
1316 4645 1646 4707 excomunicacionis

201 4753 371 4814 sentencie
395 4751 577 4824 subiacere,
603 4759 703 4830 prout
726 4745 871 4813 iusticiah
896 4760 929 4812 et
953 4759 1062 4813 vestra
1078 4769 1117 4812 ac
1133 4745 1327 4814 vestrorum*
1349 4752 1518 4814 temeritas
1541 4751 1646 4833 exigit

202 4867 235 4920 et
258 4857 402 4938 requirit.
427 4855 552 4920 Datum
576 4868 638 4920 etc.

309 5051 337 5119 a)
351 5049 402 5118 ,Jo⁴
416 5047 489 5116 Kap.
503 5049 524 5118 J.
547 5077 579 5086 -
600 5047 629 5118 b)
643 5090 662 5112 ‚.
679 5089 684 5102 .
699 5049 778 5103 dicto
791 5049 829 5102 de
844 5090 849 5102 .
864 5089 870 5102 .
884 5049 933 5114 In,
948 5049 979 5115 ‚C
992 5050 1072 5104 dicto
1085 5051 1122 5104 de
1136 5092 1141 5102 .
1156 5055 1173 5100 .‘
1187 5049 1257 5119 Kap.
1269 5049 1292 5118 J.
1314 5079 1346 5090 —
1360 5048 1387 5120 c)
1401 5065 1483 5114 ,nec.
1498 5089 1504 5102 .
1517 5051 1645 5118 opidum‘

200 5139 250 5202 In,
270 5151 357 5202 ,nunc
376 5138 505 5206 opidum‘
525 5139 598 5205 Kap.
611 5137 633 5206 J.
661 5169 686 5176 -
708 5137 739 5207 d)
760 5139 825 5201 ,tali‘
841 5139 898 5192 oba
918 5141 960 5193 rk.
979 5168 1012 5180 -
1033 5138 1059 5208 e)
1078 5154 1146 5208 ‚que
1165 5138 1249 5194 facte¹
1269 5139 1309 5193 ln.
1330 5169 1360 5178 -
1383 5137 1403 5208 f)
1423 5181 1442 5204 ,.
1456 5147 1471 5192 .·
1486 5139 1542 5193 oba
1556 5142 1596 5193 rk.
1612 5169 1644 5177 -

200 5229 229 5298 g)
248 5236 287 5288 ‚et
306 5228 352 5281 ad‘
372 5227 413 5281 ln.
433 5255 464 5266 -
486 5227 516 5296 h)
535 5228 695 5288 ‚iusticiam‘
714 5228 753 5281 ln.
774 5257 806 5266 -
828 5227 847 5298 i)
866 5235 1045 5292 ,vestrarum‘
1064 5227 1104 5282 ln.
