3988 5844
327 619 381 672 lllis
400 617 469 670 viris
482 618 644 670 temerariis
656 617 792 672 omnibus
805 647 835 656 —
854 647 884 656 -
902 647 931 654 -
948 617 1018 672 effu-

379 721 448 775 gere
467 708 619 760 ulcionem.
641 697 680 772 (C.
702 705 756 776 ⁴1).

325 795 509 850 incessanter
534 796 648 862 spoliati
676 825 707 834 -
734 824 767 833 -
793 825 825 833 -
851 796 970 866 gloriam
990 805 1019 850 et

379 884 528 937 honorem.
549 876 589 946 (C.
612 886 683 944 187).

324 973 468 1026 Incumbit
487 974 571 1027 nobis
591 987 629 1025 ex
645 974 747 1026 debito
768 1001 798 1011 -
823 1003 851 1012 -
874 1003 905 1012 -·
927 973 1019 1028 Salvis

379 1069 518 1128 utsupra
537 1063 565 1116 in
584 1063 726 1130 proximo.
747 1051 788 1129 (C.
809 1065 880 1128 141).

324 1151 467 1205 Incumbit
495 1151 579 1204 nobis
604 1167 641 1204 ex
661 1151 762 1204 debito
785 1182 813 1190 -
837 1181 868 1190 -
889 1183 922 1192 -
945 1153 1018 1207 Nulli

379 1256 447 1311 ergo
468 1249 500 1294 ut
518 1256 613 1308 supra.
634 1229 674 1307 (C.
696 1241 769 1308 145).

324 1329 523 1384 indesinencia
542 1331 623 1394 mala,
648 1345 706 1398 que
732 1331 910 1398 patimur-
931 1360 963 1370 -
985 1361 1018 1372 -

379 1420 461 1472 litere
480 1420 671 1474 destinentur.
692 1408 732 1485 (C.
754 1420 824 1489 190).

324 1507 355 1560 ln
384 1509 565 1562 necessitatis
593 1511 715 1562 articulo
747 1540 777 1546 —
808 1538 839 1548 -
873 1539 899 1548 -
930 1526 1018 1579 super

378 1607 494 1652 terram.
515 1589 555 1664 (C.
578 1601 648 1664 109).

323 1685 354 1738 ln
383 1687 511 1754 quodam
531 1688 597 1740 loco
617 1716 649 1724 -—
673 1715 700 1724 -
727 1689 925 1742 —sentencie
949 1690 1018 1743 sub·

377 1777 480 1828 iacere.
500 1763 541 1844 (C.
564 1780 634 1838 196).

323 1864 511 1919 lntendentes
536 1881 588 1932 pro
613 1865 725 1918 honore
755 1867 840 1918 beate
869 1866 959 1920 Marie
983 1897 1016 1905 -

376 1955 539 2022 perducere
558 1955 595 2007 ad
615 1954 749 2008 effectum
769 1947 809 2020 (C.
831 1955 902 2024 168).

321 2042 510 2097 intendentes
529 2060 583 2112 pro
602 2045 712 2098 honore
732 2044 817 2096 beate
843 2046 962 2115 virginis
983 2076 1016 2084 -

378 2161 409 2169 -
430 2162 461 2170 —
483 2133 577 2186 valeat
596 2133 747 2200 adimpleri
768 2121 807 2198 (C.
829 2133 903 2204 241).

321 2219 407 2274 Istius
432 2222 532 2289 scripti
550 2222 717 2276 testimonio
741 2223 911 2290 profitemur
932 2253 959 2262 -
985 2254 1016 2264 —

378 2337 410 2348 -
429 2325 554 2377 quorum
575 2311 690 2364 nomina
710 2311 764 2365 hiis
783 2312 932 2366 vocabulis
947 2327 1015 2366 con-

375 2400 505 2454 tinentur
523 2401 618 2454 taliter
637 2407 666 2454 et
685 2400 788 2454 taliter.
810 2393 851 2467 (C.
870 2405 924 2466 33).

321 2487 405 2540 quta
425 2489 522 2542 divine
541 2489 699 2544 voluntatis
717 2490 866 2544 arbitrium
887 2519 919 2529 -
936 2519 967 2529 -
982 2519 1014 2530 -

376 2579 559 2645 aliquatenus
578 2579 691 2631 irritari.
712 2571 752 2642 (C.
772 2579 844 2647 248).

323 2703 403 2756 l.icet
422 2703 459 2756 ad
478 2703 711 2757 convincendam
731 2705 872 2757 maliciam
889 2734 919 2742 —
936 2735 965 2743 —
981 2735 1014 2745 -

375 2807 429 2846 nec
448 2793 598 2846 debemus.
619 2781 658 2862 (C.
679 2794 734 2859 88).

322 2882 405 2936 Licet
430 2883 565 2936 dominus
590 2883 623 2934 A.
649 2883 790 2950 plebanus
815 2883 851 2937 de
876 2913 905 2922 -
928 2914 960 2921 —
982 2915 1013 2922 -

376 2972 576 3038 procedemus.
597 2961 637 3037 (C.
658 2972 712 3038 42).

322 3060 404 3113 Licet
424 3061 576 3114 honestate
596 3061 739 3114 suadente
758 3061 872 3116 illorum
888 3093 915 3100 -
940 3093 957 3099 —
983 3093 1012 3101 —

375 3150 484 3203 liberali
508 3150 605 3218 gracia
630 3149 846 3205 transferentes.
872 3141 911 3219 (C.
941 3153 1012 3219 147).

321 3239 403 3292 Licet
422 3239 495 3291 inlra
515 3239 601 3291 trium
621 3241 763 3293 mensium
782 3241 912 3309 spacium
935 3271 965 3280 —
981 3271 1013 3281 -

376 3356 408 3365 -
427 3329 629 3395 procedemus.
651 3317 683 3394 (C
711 3329 764 3398 82).

321 3417 403 3471 Licet
431 3418 459 3471 in
487 3417 590 3472 olsrciis
619 3418 797 3472 caritatis-
820 3448 850 3457 -
876 3449 904 3458 ·-
927 3436 1013 3488 quam

375 3507 472 3574 plures
492 3507 637 3578 fidedigni.
657 3499 689 3576 (C
719 3511 791 3566 265).

321 3596 403 3650 Licet
421 3611 474 3663 pro
493 3605 552 3650 tam
571 3600 651 3668 gravi
678 3607 786 3650 eventu
806 3629 835 3635 -
861 3627 891 3635 —
914 3627 946 3638 —-
966 3613 1012 3652 ce·

374 3687 469 3740 leriter
489 3688 685 3741 transmitatis.
705 3675 747 3754 (C.
767 3685 820 3755 21).

320 3774 433 3829 Literas
462 3776 669 3842 prohibicionis
697 3782 796 3829 nostre
822 3807 852 3814 —
880 3807 902 3813 —
932 3809 958 3815 -
981 3793 1012 3832 se

374 3866 487 3919 noverit
505 3866 653 3919 incurisse.
674 3855 714 3932 (C.
735 3868 806 3930 122).

319 3954 399 4008 Loca
418 3962 583 4008 sanctorum
602 3955 729 4008 omnium
752 3984 781 3992 -
805 3985 833 3992 -
851 3985 883 3993 -
904 3957 1012 4012 miseri·

373 4045 500 4097 corditer
519 4046 689 4098 relaxamus.
710 4032 751 4112 (C.
774 4048 826 4107 17).

321 4188 493 4241 Mandemus
511 4187 595 4239 vobis
613 4187 668 4240 sub
683 4201 756 4254 pena
770 4201 882 4240 excom.
895 4188 1015 4243 firmiter

374 4277 567 4344 precipientes
586 4283 616 4329 et
635 4276 777 4340 districte,
804 4287 950 4344 quatenus
975 4280 1013 4331 ad

374 4367 405 4421 N.
427 4395 457 4403 —
481 4395 512 4403 -
534 4395 567 4403 -
588 4365 624 4417 ad
639 4365 755 4418 obiecta
768 4365 881 4435 singula
895 4381 1012 4434 respon-

373 4471 466 4508 surus.
487 4447 526 4523 (ll.
548 4460 601 4516 40).

319 4546 486 4599 Mandatum
507 4545 629 4598 litterale
648 4544 840 4610 precellencie
862 4555 959 4599 vestre
980 4577 1011 4584 -

374 4666 406 4674 -
428 4665 459 4673 --
481 4635 595 4687 iusticie
615 4635 868 4700 complementum.
884 4628 927 4700 (C.
940 4640 1011 4693 236).

318 4727 471 4781 Martinum
500 4725 613 4792 laycum
640 4731 739 4777 nostre
766 4724 902 4792 dyocesis
928 4754 958 4762 —
986 4755 1011 4762 -

372 4816 409 4868 ad
428 4815 560 4867 salutem.
582 4805 622 4877 (C.
642 4821 675 4866 44
696 4829 713 4867 a
734 4816 806 4879 130).

319 4905 500 4958 Meminimus
519 4903 693 4956 discrecioni
712 4912 763 4957 tue
783 4933 814 4942 -
839 4933 869 4943 —
885 4904 1011 4972 -quod

372 4995 479 5047 iustum
500 4993 594 5054 luerit,
615 4992 744 5046 iacimus.
766 4985 807 5058 (C.
827 4991 881 5062 81).

319 5085 456 5138 Miramur
475 5084 512 5136 de
530 5089 628 5136 vestre
653 5083 927 5149 circumspeccionis
946 5099 1011 5150 pro·

372 5174 504 5228 videncia
531 5201 562 5210 —
591 5201 618 5209 —
649 5201 680 5210 -
707 5172 906 5226 ecclesiastico
925 5175 1010 5226 inter·

373 5264 459 5317 uicto.
480 5251 517 5330 (d.
539 5263 591 5322 75).

1023 406 1074 455 228

1074 617 1211 671 Miramur
1220 617 1258 670 de
1268 625 1366 670 vestre
1376 617 1566 672 discrecionis
1581 619 1771 685 providencia

1130 735 1159 744 -
1184 735 1211 744 *
1230 735 1263 744 -
1277 708 1338 760 inre
1352 707 1552 762 ecclesiastico
1564 709 1767 776 procedemus

1128 787 1167 862 (C.
1188 796 1260 864 237).

1073 886 1209 938 Miramur
1228 892 1257 938 et
1276 887 1407 954 cogimur
1425 901 1483 940 non
1504 887 1607 940 merito
1621 888 1767 943 ammirari

1083 985 1086 992 “
1127 1005 1160 1014 -
1183 1005 1214 1012 -
1234 1004 1268 1014 -
1288 975 1378 1045 exigit
1397 983 1427 1027 et
1446 977 1569 1044 requirit
1588 969 1628 1042 (C.
1649 981 1719 1044 117).

1074 1062 1238 1118 Monuimus
1269 1080 1323 1118 vos
1353 1074 1383 1118 et
1411 1067 1577 1135 rogavimus
1609 1095 1642 1104 -
1672 1096 1705 1104 -
1736 1093 1768 1105 -

1126 1155 1288 1208 nullatenus
1308 1153 1482 1208 differemus
1503 1146 1543 1221 (C.
1565 1158 1638 1217 126).

1073 1333 1232 1400 Megocium
1261 1332 1418 1399 petitorum
1446 1333 1512 1385 talis
1540 1334 1709 1388 monasterii
1734 1363 1768 1372 -

1127 1451 1160 1459 -
1180 1450 1213 1459 —
1233 1421 1372 1476 noveritis
1391 1423 1567 1476 incursuros.
1587 1413 1628 1488 (C.
1648 1427 1719 1486 106).

1072 1510 1114 1562 Ne
1139 1526 1235 1564 rerum
1260 1519 1407 1580 gestarum
1431 1519 1495 1572 etc„
1525 1519 1628 1567 noscat
1659 1523 1714 1566 etc.
1736 1541 1766 1550 -

1126 1627 1158 1637 -
1183 1629 1208 1636 -
1232 1601 1428 1666 promittimus
1447 1600 1613 1668 adimplere.
1635 1589 1674 1669 (C.
1694 1599 1767 1666 261).

1072 1689 1114 1742 Ne
1132 1705 1228 1742 rerum
1247 1697 1393 1760 gestarum
1416 1692 1554 1744 memoria
1573 1689 1721 1757 deperiret
1733 1719 1767 1728 -

1126 1807 1159 1816 -
1195 1809 1227 1816 —
1256 1796 1309 1848 per
1340 1780 1563 1848 stipulacionem
1598 1778 1767 1848 legittimam

1125 1869 1295 1935 obligantes.
1316 1857 1357 1934 (d.
1378 1868 1449 1934 156).

1072 1957 1115 2010 Ne
1134 1972 1230 2011 rerum
1249 1967 1397 2028 gestarum
1417 1959 1556 2012 memoria
1581 1973 1632 2024 per
1654 1959 1767 2026 lapsum

1124 2049 1265 2114 temporis
1291 2078 1323 2086 —
1352 2079 1380 2085 —
1413 2079 1439 2084 --
1469 2049 1558 2102 libere
1577 2057 1767 2102 revertantur.

1127 2124 1166 2199 (d.
1186 2136 1258 2202 260).

1071 2225 1130 2277 Nisi
1158 2226 1282 2278 celebris
1311 2233 1409 2280 vestre
1439 2225 1514 2280 lame
1536 2256 1567 2265 —
1591 2257 1620 2264 -
1643 2257 1674 2264 -
1697 2242 1766 2281 can·

1123 2315 1255 2368 cellarius
1275 2315 1478 2369 Bohemorum.
1498 2309 1537 2373 [C.
1559 2317 1630 2385 113).

1068 2403 1252 2457 Nobilitatem
1272 2412 1407 2470 vestram,
1432 2407 1470 2458 de
1494 2423 1553 2474 qua
1572 2409 1657 2475 plene
1676 2407 1762 2462 confi-

1123 2493 1219 2545 dimus
1242 2522 1270 2529 -
1293 2522 1324 2531 -
1350 2523 1377 2532 -
1404 2495 1571 2549 curabimus
1598 2497 1765 2563 promereri.

1124 2570 1163 2646 (e.
1184 2581 1237 2650 77).

1070 2670 1218 2724 Nobilitati
1236 2679 1334 2724 vestre
1359 2672 1396 2727 de
1415 2674 1520 2727 vestris
1545 2673 1712 2728 bominibus
1732 2704 1764 2714 -

1123 2789 1156 2797 —
1176 2788 1210 2797 -
1234 2761 1396 2814 nullatenus
1424 2763 1594 2817 inserantur.
1624 2755 1664 2834 (C.
1693 2764 1764 2833 118).

1070 2849 1134 2902 Non
1154 2849 1216 2902 sine
1235 2849 1338 2919 grandi
1357 2851 1480 2904 consilio
1499 2859 1529 2904 et
1549 2852 1766 2908 deliberacione

1123 2967 1155 2976 -
1176 2967 1210 2976 -
1230 2967 1257 2976 -
1276 2947 1335 2993 tarn
1351 2942 1535 3005 presentibus
1548 2957 1637 3010 quam
1651 2942 1764 3006 futuris,

1121 3028 1202 3096 quod
1222 3035 1276 3081 etc.
1297 3018 1335 3092 (C.
1356 3029 1427 3098 249).

1069 3116 1176 3171 Noscat
1203 3118 1348 3170 discrecio
1386 3126 1444 3180 tua,
1473 3121 1554 3188 quod
1583 3121 1621 3174 ad
1653 3122 1765 3175 dandas

1124 3207 1348 3273 procuraciones
1368 3237 1401 3246 —
1423 3238 1454 3246 -
1476 3210 1646 3278 -penitus
1671 3213 1765 3266 abrol-

1122 3301 1213 3349 vetur.
1233 3283 1273 3360 (C.
1293 3300 1347 3359 66).

1068 3385 1174 3439 Notum
1194 3399 1259 3438 esse
1271 3393 1334 3446 etc..
1351 3387 1432 3453 quod
1449 3403 1516 3441 cum
1530 3388 1672 3442 honestus
1685 3391 1764 3443 vir..

1122 3475 1275 3542 presbyter
1300 3474 1440 3541 plebanus
1469 3477 1507 3529 de
1541 3506 1567 3513 —
1596 3505 1629 3515 —
1658 3508 1688 3517 -
1710 3495 1764 3534 nos

1121 3577 1160 3614 ex
1178 3561 1266 3616 officii
1285 3565 1378 3616 nostri
1398 3571 1453 3619 etc.
1479 3566 1556 3619 Ante
1580 3567 1712 3622 invenies
1733 3571 1762 3624 in

1121 3659 1226 3720 quarto
1246 3652 1410 3706 dictamine.
1430 3641 1470 3718 (C.
1491 3657 1564 3721 211).

1067 3740 1173 3794 Notum
1193 3757 1259 3793 esse
1278 3749 1342 3803 etc..
1355 3743 1438 3810 quod
1450 3759 1505 3796 nos
1518 3744 1555 3798 ad
1568 3749 1763 3812 presentacio·

1120 3846 1186 3883 nem
1207 3859 1240 3867 -
1268 3860 1289 3866 -
1308 3859 1341 3868 -
1355 3833 1531 3885 auctoritate
1545 3850 1603 3904 qua
1617 3834 1765 3905 fungimur

1120 3917 1332 3973 confirmantes.
1353 3907 1384 3986 (C
1413 3921 1449 3988 3).

1069 4009 1175 4064 Notum
1200 4025 1266 4062 esse
1291 4016 1355 4074 etc,
1380 4011 1461 4077 quod
1487 4026 1540 4063 nos
1560 4015 1695 4080 exemplo
1715 4017 1762 4068 dei

1121 4099 1329 4165 omnipotentis
1348 4128 1382 4136 -
1406 4129 1431 4136 —-
1451 4129 1481 4137 —
1496 4102 1663 4156 testimonio
1677 4105 1763 4158 buius

1121 4189 1229 4256 scripti.
1250 4179 1289 4254 (c.
1311 4187 1381 4254 102).

1068 4276 1174 4331 Notum
1194 4292 1259 4330 esse
1278 4285 1342 4336 etc,
1364 4278 1445 4346 quod
1464 4293 1518 4332 nos
1533 4279 1578 4334 ius
1588 4281 1762 4346 plebanatus

1126 4396 1151 4404 -
1181 4397 1205 4404 -
1230 4396 1260 4404 -
1282 4366 1402 4434 pacifice
1421 4375 1451 4420 et
1470 4369 1575 4436 quiete.
1597 4359 1635 4438 (C.
1657 4375 1727 4438 207).

1067 4455 1173 4509 Notum
1192 4472 1257 4509 esse
1276 4458 1410 4510 volumus
1430 4465 1492 4520 etc„
1512 4461 1594 4528 quod
1618 4475 1684 4512 curn
1710 4463 1762 4514 ho·

1121 4555 1221 4600 nestus
1241 4547 1285 4599 vir
1305 4555 1334 4598 et
1354 4548 1495 4613 providus
1523 4578 1554 4585 —
1645 4579 1670 4587 —
1695 4566 1762 4604 con·

1121 4651 1271 4690 servamus
1287 4678 1291 4688 .
1307 4678 1312 4688 .
1327 4678 1333 4690 .
1348 4638 1485 4690 literas..
1523 4635 1661 4692 iacientes
1680 4640 1762 4710 sigilli

1120 4727 1209 4779 nostri
1229 4727 1386 4779 munimine
1406 4728 1538 4781 roborari
1557 4719 1597 4796 (C.
1617 4728 1689 4797 208).

1066 4813 1172 4868 Notum
1191 4830 1257 4868 esse
1277 4817 1412 4868 volumus
1432 4825 1496 4879 etc,
1516 4819 1598 4885 quod
1619 4833 1672 4871 nos
1691 4833 1760 4871 con·

1120 4904 1263 4958 dicionem
1289 4913 1352 4969 etc,
1382 4908 1409 4958 in
1438 4907 1510 4960 villis
1540 4935 1573 4945 -
1600 4937 1632 4946 -
1655 4937 1684 4945 -
1706 4909 1761 4960 du·

1119 4993 1216 5048 ximus
1235 4995 1459 5048 convertendas.
1480 4984 1519 5061 (C.
1541 4999 1613 5062 257).

1065 5083 1171 5138 Notum
1191 5099 1256 5137 esse
1275 5086 1409 5138 volumus
1429 5093 1491 5147 etc..
1512 5087 1592 5156 quod
1618 5102 1673 5139 nos
1692 5102 1759 5142 con-

1118 5175 1262 5228 dicionem
1283 5183 1338 5228 etc.
1359 5182 1505 5242 utsupra,
1531 5177 1709 5242 pauperibus
1730 5206 1759 5214 -

1120 5295 1151 5301 -
1175 5294 1204 5302 -
1226 5265 1399 5317 duxerimus
1415 5265 1620 5331 requirendum
1635 5257 1675 5330 (C.
1689 5269 1760 5330 256).
