4008 5846
1049 412 1083 462 ³6

343 631 464 693 abbate
490 625 531 688 de
556 621 673 702 syloa·
695 625 888 704 supradicto
919 645 937 686 a
969 627 1063 689 vobis
1094 626 1243 706 recipere
1266 625 1420 688 volumus
1443 645 1505 704 pro
1529 643 1667 687 munere
1691 624 1788 687 valde

343 748 439 821 grato
464 754 542 800 cum
564 740 751 821 graciarum
776 734 943 796 uberrima
967 736 1114 796 accione.
1140 733 1265 795 Datum
1291 725 1411 814 Pragel'
1433 731 1489 793 tali
1514 731 1578 794 die.

451 931 510 984 Fol.
530 932 555 984 6¹
575 929 598 984 d.
619 934 661 994 38,
680 929 726 984 ted
751 945 770 980 v
789 927 831 981 rlc
851 927 980 994 kapituly
1006 925 1161 994 PraiskeJ
1182 922 1228 978 40⁵
1254 923 1302 978 fol.
1322 927 1382 978 233.
1421 923 1515 978 Prvou
1540 923 1789 992 chronologiclrou

343 1022 453 1075 hranici
471 1021 567 1074 udava
591 1019 764 1086 nastoupeni
790 1017 928 1071 Detiicha
953 1016 1077 1083 biskupa
1102 1012 1350 1078 Olomoucskeho,
1376 1027 1394 1066 o
1414 1012 1507 1066 druhe
1526 1029 1602 1066 srov.
1622 1013 1700 1066 uvod
1720 1011 1744 1065 ll
1764 1018 1791 1066 3.

456 1165 474 1232 ¹)
494 1162 616 1217 Probost
634 1161 761 1215 klastera
780 1165 955 1228 praemonst.
975 1175 993 1210 v
1014 1157 1076 1212 Dol.
1098 1157 1261 1212 Kounicich
1280 1173 1317 1210 na
1335 1155 1461 1210 Morave.

1044 1553 1096 1616 39.

345 1721 480 1782 Matoul‘
510 1742 530 1782 a
562 1718 713 1782 Koulimi
743 1739 761 1779 s
791 1715 921 1778 matlcou
955 1714 1071 1778 Ludou
1104 1735 1126 1776 a
1160 1713 1273 1794 bratry
1309 1711 1493 1775 Konrddem
1527 1733 1548 1774 a
1587 1711 1793 1786 Jindriclzem

341 1828 519 1911 proddvajz'
551 1825 720 1906 biskupovi
756 1820 923 1886 Tobia's'ovi
963 1821 990 1882 2
1015 1820 1095 1901 la'ny
1128 1842 1149 1884 v
1182 1820 1276 1883 Novd
1306 1818 1358 1882 vsi
1396 1841 1417 1880 u
1453 1803 1520 1885 Ces.
1553 1819 1673 1894 Brodu,
1705 1818 1798 1881 klere'

847 1929 923 1992 mlli
945 1932 1076 1995 nrdvem
1099 1927 1288 2009 ramecky'm.

1207 2123 1239 2186 V
1256 2122 1410 2202 Koulr'mi,
1436 2120 1524 2187 1287
1545 2124 1631 2205 r'ljen
1654 2125 1684 2185 8.

414 2291 547 2369 Laycus
571 2288 684 2350 vendit
706 2288 844 2350 domino
869 2289 1030 2368 episcopo
1054 2287 1141 2348 duos
1165 2285 1289 2362 laneos,
1314 2304 1400 2367 quos
1424 2284 1542 2347 habuit
1565 2287 1597 2346 in
1622 2285 1719 2347 bonis

871 2395 974 2472 ipsius
998 2396 1069 2456 iure
1092 2393 1271 2455 teutonico.

456 2555 618 2619 Noverint
649 2563 823 2636 presentes
851 2555 995 2618 universi
1028 2554 1154 2616 litteras
1186 2553 1376 2634 inspecturi,
1411 2553 1504 2632 quod
1535 2571 1599 2634 ego
1625 2551 1794 2614 Mattheus*

349 2666 391 2728 de
416 2661 528 2728 Curim
562 2662 647 2726 filius
683 2656 786 2724 Petrid
808 2664 897 2724 bone
921 2663 1081 2724 memorie
1113 2660 1199 2722 duos
1231 2660 1346 2722 laneos
1378 2679 1542 2742 agrorum,
1575 2679 1661 2740 quos
1692 2659 1793 2721 habui

347 2773 417 2833 iure
449 2772 621 2833 teutonico
651 2789 726 2831 cum
763 2779 868 2830 matre
900 2787 975 2830 mea
999 2767 1123 2842 Luda⁸,
1153 2786 1229 2829 cum
1261 2767 1417 2830 fratribus
1449 2769 1533 2829 meis
1565 2760 1737 2830 conrados
1762 2777 1795 2828 et

350 2877 497 2940 Henrico
521 2879 553 2940 in
579 2876 675 2938 Nova
698 2875 773 2938 villa
786 2872 810 2956 ¹)
844 2874 1029 2955 episcopali
1061 2876 1146 2936 circa
1179 2873 1268 2937 Brod
1300 2875 1501 2956 episcopale,
1537 2893 1613 2935 curn
1637 2873 1794 2936 domibus

348 2996 381 3046 et
418 2985 489 3047 aliis
524 2987 592 3046 suis
630 2985 843 3064 pertinenciis
878 2985 1034 3045 omnibus
1071 2983 1254 3044 reverendo
1295 2985 1328 3044 in
1363 2979 1496 3045 Christo
1537 2983 1622 3060 patri
1657 2981 1795 3044 domino

348 3087 526 3174 Thlobie)g
549 3093 603 3153 dei
627 3093 740 3174 gracia
764 3090 921 3172 Pragensi
951 3091 1113 3168 episcopo
1142 3109 1204 3152 suo
1228 3099 1262 3150 et
1286 3088 1458 3170 Pragensis
1487 3089 1626 3150 ecclesie
1651 3108 1710 3151 sue
1735 3107 1794 3150 no·

349 3201 445 3274 mine,
469 3198 603 3261 vendidi
637 3217 714 3260 meo
747 3207 780 3259 et
811 3197 961 3277 predicte
992 3199 1107 3259 matris
1138 3215 1211 3258 mee
1237 3215 1275 3258 ac
1299 3193 1438 3258 fratrum
1473 3215 1625 3258 meorum
1660 3197 1795 3257 nomine

349 3326 409 3387 pro
435 3306 482 3367 Vl
508 3300 644 3368 marcish
675 3306 756 3368 boni
791 3314 824 3366 et
855 3308 929 3383 puri
961 3306 1096 3388 argenti,
1129 3303 1172 3365 de
1204 3304 1325 3384 quibus
1357 3322 1410 3366 me
1443 3303 1551 3366 fateor
1580 3321 1657 3364 cum
1688 3313 1794 3364 matre

349 3433 424 3476 mea
447 3423 480 3475 et
503 3412 660 3475 fratribus
684 3416 767 3475 meis
791 3413 973 3491 prehabitis
1003 3412 1152 3476 totaliter
1176 3431 1251 3474 esse
1282 3411 1439 3487 solutum,
1462 3409 1577 3473 laneos
1601 3410 1692 3491 ipsos
1717 3427 1794 3470 cum

349 3521 508 3601 predictis
547 3521 761 3600 pertinenciis
793 3539 869 3582 meo
904 3530 938 3583 et
969 3523 1084 3582 matris
1115 3537 1188 3582 mee
1218 3537 1258 3581 ac
1289 3519 1436 3599 ipsorum
1468 3517 1607 3580 fratrum
1642 3535 1794 3578 meorum

349 3628 480 3690 nomine
504 3627 702 3710 resignando
727 3621 845 3690 eidemi
872 3627 1012 3689 domino
1036 3628 1197 3706 episcopo
1222 3625 1324 3688 libera
1349 3634 1382 3686 et
1405 3633 1589 3703 spontanea
1612 3624 1794 3686 voluntate.

351 3735 387 3796 ln
418 3735 512 3797 cuius
544 3735 589 3795 rei
624 3734 851 3796 testimonium
876 3734 964 3796 istud
999 3735 1158 3813 scriptum
1195 3733 1364 3795 communi
1394 3729 1501 3813 sigillo
1531 3730 1670 3810 predicti
1704 3726 1795 3792 Curi·

348 3845 471 3904 mensis
495 3841 587 3920 opidi
611 3841 741 3903 obtinui
766 3841 925 3916 roborari,
949 3841 1150 3922 assignando
1174 3841 1283 3920 ipsum
1315 3833 1435 3903 eidemi
1460 3839 1597 3902 domino
1631 3841 1796 3918 episcopo

350 3959 384 4012 et
407 3969 465 4011 sue
497 3948 636 4010 ecclesie
669 3948 870 4026 supradicte.
919 3942 1050 4010 Datumi
1077 3945 1189 4010 Curim
1213 3967 1302 4010 anno
1335 3947 1459 4010 domini
1492 3942 1795 4020 Mchxxxvu,

351 4055 431 4117 Vlll
457 4055 552 4118 Ydus
576 4053 743 4118 Octobris.

456 4229 508 4285 Fol
527 4227 553 4278 δ’
573 4229 596 4284 ἐ.
616 4234 658 4290 39,
678 4230 761 4284 teir
781 4232 920 4298 rukopise
946 4229 1075 4299 kapituly
1103 4229 1225 4282 Praiske
1245 4229 1260 4298 J
1279 4225 1325 4282 40¹¹
1345 4228 1393 4282 fol.
1414 4233 1474 4284 273.
1494 4227 1637 4299 (Palacky.
1664 4227 1794 4281 Formel·

351 4319 461 4374 bucher
479 4318 503 4372 ll
525 4325 559 4372 st.
580 4319 653 4388 210.)

462 4464 481 4529 ¹)
500 4462 581 4516 Nova
600 4479 652 4516 ves
671 4479 690 4516 u
710 4445 775 4516 (Ces.
796 4462 902 4515 Brodu.

458 5065 485 5134 a)
506 5109 512 5132 ,
532 5107 538 5120 .
559 5109 565 5122 .
585 5073 591 5096 ‘
611 5065 684 5134 Kap.
698 5065 720 5135 J.
743 5095 774 5104 -
795 5067 824 5133 b)
846 5068 909 5130 ‚etc‘
929 5066 1000 5134 Kap.
1020 5067 1042 5136 J.
1068 5095 1100 5104 -
1127 5064 1154 5134 c)
1173 5065 1213 5128 ,N.
1233 5065 1271 5118 de
1285 5105 1290 5118 .
1304 5068 1319 5117 ,¹
1339 5064 1411 5132 Kap.
1424 5064 1446 5134 J.
1466 5093 1499 5102 —
1519 5065 1551 5130 d)
1570 5063 1612 5132 ‚C‘
1632 5063 1703 5134 Kap.
1718 5065 1741 5135 J.
1763 5093 1796 5104 -

351 5160 380 5225 e)
400 5156 442 5220 ,14⁴
464 5157 537 5224 Kap.
550 5155 572 5226 J.
594 5185 626 5195 -
647 5155 670 5225 l)
689 5155 733 5218 ,Η.
755 5165 784 5210 et
804 5155 842 5209 Zi‘
863 5155 933 5224 Kap.
946 5157 969 5224 J.
991 5184 1023 5194 -
1043 5156 1071 5225 g)
1092 5154 1142 5224 ,Jo‘
1164 5154 1235 5222 Kap.
1249 5153 1271 5222 J.
1298 5183 1331 5192 -
1351 5152 1380 5223 h)
1401 5155 1530 5220 ‚marcas‘
1550 5154 1589 5208 ln.
1612 5183 1643 5192 -
1665 5153 1685 5222 i)
1708 5154 1798 5215 ,idem

351 5246 399 5312 ln,
420 5246 532 5310 ‚eidem‘
552 5245 624 5314 Kap.
637 5245 663 5315 J.
690 5276 722 5284 -
746 5244 1001 5314 j)13ezdatovanl
1021 5243 1093 5312 Kap.
1106 5244 1128 5313 J.
