3968 5848
1068 415 1102 464 72

353 631 541 712 presbyteri
571 639 605 694 et
634 633 739 693 totius
771 633 872 692 etiam
902 628 982 692 cleri
1014 628 1235 707 preiudicium
1267 650 1337 693 non
1359 629 1531 693 modicum
1554 637 1589 689 et
1611 645 1803 710 gravamen,

354 737 472 818 prefati
496 737 622 801 domini
645 740 751 800 nostri
774 735 948 818 Pragensis
963 737 1114 814 episcopi
1139 737 1202 816 piis
1225 737 1393 801 mandatis
1410 746 1444 800 et
1461 735 1596 798 monitis
1612 736 1801 798 racionabi-

355 845 442 908 libus
465 853 499 906 et
523 845 672 908 honestis
696 854 797 924 atque
813 846 913 906 etiam
930 845 1053 906 nostris
1068 847 1201 922 penitus
1216 845 1395 924 vilipensis,
1419 843 1580 906 iamdicto
1597 841 1639 904 H.
1657 840 1804 920 plebano

354 952 531 1014 ecclesiam
562 971 658 1014 suam
682 969 759 1014 cum
783 950 903 1013 ablatis
926 969 995 1013 non
1018 954 1183 1014 curaverit
1207 961 1404 1027 restaurare,
1434 969 1497 1012 nos
1520 948 1631 1012 eidem
1655 948 1804 1030 plebano

355 1066 389 1122 et
418 1057 554 1121 cuilibet
584 1059 721 1121 subdito
745 1065 860 1119 nostro
886 1057 917 1119 in
949 1077 1012 1120 suo
1037 1061 1108 1121 iure
1132 1057 1251 1120 deesse
1274 1077 1343 1121 non
1365 1057 1513 1120 valentes
1536 1073 1599 1118 nec
1623 1055 1804 1118 debentes·

355 1173 482 1228 tantam
506 1167 729 1228 temeritatem
753 1163 948 1248 sacrilegam
974 1174 1008 1226 et
1032 1162 1205 1242 profanam
1229 1166 1292 1227 sub
1309 1164 1582 1227 dissimulacione
1597 1163 1710 1244 aliqua
1727 1182 1801 1242 per·

353 1276 501 1348 transire,
537 1273 734 1336 discrecioni
766 1280 874 1334 vestre
906 1272 1106 1335 mandamus
1137 1273 1171 1333 in
1201 1274 1323 1334 virtute
1347 1269 1546 1333 obediencie
1569 1277 1603 1331 et
1626 1270 1688 1331 sub
1713 1289 1802 1350 pena

355 1381 694 1456 excomunicacionis,
729 1397 831 1458 quam
865 1397 925 1441 vos
958 1379 992 1440 in
1024 1378 1089 1442 hiis
1120 1379 1251 1458 scriptis
1283 1382 1449 1441 incurrere
1483 1375 1646 1452 volumus,
1681 1378 1709 1438 si
1733 1395 1801 1438 non

357 1487 501 1550 feceritis
536 1487 628 1567 quod
664 1484 870 1560 mandamus,
904 1494 1071 1567 quatenus
1106 1483 1271 1566 prefatum
1307 1485 1343 1548 B.
1368 1486 1411 1547 de
1429 1531 1459 1548 ..
1492 1484 1737 1547 destructorem
1768 1493 1803 1544 et

356 1595 543 1655 invasorem
583 1592 753 1672 publicum
788 1596 899 1656 tocius
935 1593 1161 1656 ecclesiastice
1196 1593 1358 1656 libertatis
1394 1593 1426 1655 in
1462 1592 1619 1654 omnibus
1653 1589 1804 1652 ecclesiis

358 1694 599 1764 decanatuumb
615 1710 801 1762 vestrorum
816 1699 1024 1763 denuncietis
1040 1708 1074 1761 et
1086 1699 1278 1763 denunciari
1291 1698 1422 1762 faciatis
1436 1692 1806 1780 (excomunicacionis),

356 1826 457 1888 quam
489 1810 562 1886 ipso
595 1805 685 1869 facto
716 1808 860 1883 incurrit,
897 1809 1068 1870 sentencie
1092 1809 1276 1884 subiacere,
1311 1807 1450 1886 pulsatis
1473 1805 1645 1884 campanis
1669 1813 1703 1867 et
1725 1823 1802 1866 can·

356 1913 451 1976 dellis
474 1915 632 1976 extinctis
656 1913 792 1996 singulis
816 1912 935 1976 diebus
960 1913 1135 1976 dominicis
1159 1923 1193 1975 et
1215 1912 1351 1990 festivis,
1375 1923 1412 1976 ut
1436 1916 1479 1977 ab
1503 1913 1665 1976 universis
1681 1908 1803 1972 Christi

355 2020 509 2083 fidelibus
541 2021 649 2082 arcius
680 2023 831 2097 evitetur,
865 2024 974 2100 ipsum
1007 2020 1053 2100 B,
1089 2024 1118 2084 si
1142 2021 1254 2083 medio
1278 2030 1431 2101 tempore
1455 2030 1607 2082 mortuus
1631 2016 1728 2080 fuerit
1751 2017 1802 2078 vel

356 2126 474 2207 aliquis
499 2127 541 2189 de
565 2125 688 2190 familia
711 2137 745 2190 et
768 2127 811 2190 de
836 2126 1026 2190 hominibus
1057 2131 1135 2203 suis,
1171 2128 1361 2190 nullatenus
1384 2127 1556 2189 tradentes
1580 2124 1803 2188 ecclesiastice

357 2234 527 2313 sepulture
559 2253 598 2296 ac
630 2237 730 2296 etiam
762 2234 874 2296 omnia
905 2237 977 2296 iura
1008 2233 1235 2297 ecclesiastica
1268 2237 1332 2297 sibi
1369 2243 1402 2296 et
1433 2253 1494 2297 sue
1524 2232 1648 2296 familie
1678 2241 1712 2295 et
1735 2231 1805 2293 suis

358 2340 548 2403 hominibus
579 2341 784 2423 denegantes
816 2350 927 2420 preter
958 2341 1174 2404 solummodo
1198 2342 1330 2404 ultimas
1354 2341 1562 2422 penitenciae
1585 2339 1804 2402 moriencium

359 2458 392 2510 et
416 2448 619 2525 baptismata
652 2448 865 2527 parvulorum
897 2448 1034 2519 tamdiu,
1067 2447 1177 2510 donec
1210 2449 1351 2511 ecclesia
1383 2466 1443 2510 sua
1475 2466 1552 2510 cum
1583 2447 1703 2510 ablatis
1732 2448 1804 2507 uni·

359 2557 463 2616 versis
495 2557 662 2617 restitutae
693 2574 754 2634 pro
779 2553 869 2616 illata
893 2555 956 2616 sibi
987 2555 1103 2617 iniuria
1135 2555 1320 2620 satisfaciat
1351 2564 1573 2638 congruenter
1604 2563 1637 2616 et
1660 2574 1681 2615 a
1704 2553 1805 2615 nobis

357 2660 446 2724 aliud
470 2663 661 2739 receperitis
685 2664 716 2724 in
741 2661 917 2724 mandatis.
943 2661 1066 2725 Datum
1090 2671 1151 2724 etc.

465 2835 525 2889 Fof.
550 2835 593 2888 12¹
614 2836 638 2890 ἐ.
664 2838 706 2899 85,
736 2836 782 2890 tei
810 2852 828 2887 v
847 2837 890 2890 rlr.
919 2837 1048 2906 kapitnly
1077 2837 1202 2891 Praislre
1227 2835 1462 2904 140⁵s01.250‘.
1500 2833 1802 2905 chronologickem

358 2925 795 2980 omezenirokem1290srov.
818 2925 896 2979 nvod
916 2925 941 2978 ll
961 2931 984 2980 3.

1060 3161 1110 3224 86.

358 3319 481 3400 Biskup
516 3318 547 3382 T
542 3319 633 3382 abidi
654 3323 802 3403 naritus?
829 3320 882 3394 J0.
906 3321 1071 3384 dlkanovi
1092 3325 1127 3403 (u
1143 3321 1254 3402 My‘rtl),
1277 3321 1338 3402 aby
1360 3321 1523 3403 vystoupil
1547 3321 1635 3402 proti
1657 3321 1801 3384 neeriae-

359 3428 451 3489 nlmu
473 3427 581 3490 iivotu
604 3425 764 3502 knda'stva,
788 3429 849 3508 aby
872 3427 1011 3491 zakdaaf
1032 3427 1158 3491 knlir'm
1182 3429 1267 3491 nosit
1287 3429 1410 3491 abranl
1422 3449 1444 3490 a
1460 3427 1521 3507 aby
1534 3425 1809 3490 exkomum'koval

917 3536 1108 3616 neposlusne‘
1125 3534 1246 3598 vz'kdr'e.

1438 3641 1697 3724 (1279-1290).

447 3783 635 3862 Episcopus
660 3783 796 3846 mandat
820 3783 962 3860 decano,
993 3793 1030 3847 ut
1054 3784 1193 3846 clericos
1217 3784 1391 3859 detineret,
1416 3786 1471 3866 qui
1496 3803 1571 3847 cum
1597 3783 1717 3866 gladiis

885 3899 919 3953 et
942 3891 1084 3954 cultellis
1107 3893 1274 3954 incedunt.

464 4010 657 4092 beobias)‘¹
692 4016 747 4078 dei
782 4017 892 4098 gracia
927 4027 988 4079 etc.
1025 4016 1148 4080 dilecto
1184 4021 1216 4081 in
1252 4017 1385 4082 Christo
1417 4017 1484 4079 filio
1520 4017 1569 4097 Jo.
1594 4017 1727 4079 decano
1762 4015 1806 4076 de

359 4119 494 4197 (Μιιῒει)ο
527 4119 668 4184 salutem
699 4132 762 4184 etc.
799 4120 882 4185 Cum
914 4125 999 4186 inter
1031 4128 1178 4187 caritatis
1209 4145 1314 4205 opera
1339 4129 1382 4188 sit
1405 4123 1574 4203 profectus
1598 4123 1713 4186 salutis
1736 4125 1804 4185 ani-

359 4247 487 4290 marum
512 4237 661 4290 errantes
684 4231 853 4309 quoslibet
876 4233 918 4294 ad
943 4242 1067 4295 statum
1092 4232 1297 4294 salutiferum
1322 4227 1501 4306 revocare,f
1528 4233 1571 4294 ad
1589 4231 1807 4311 corrigendos

358 4355 518 4398 excessus
552 4345 586 4397 et
621 4335 784 4400 maliciam
821 4359 1054 4416 perversorum
1089 4349 1185 4402 tanto
1218 4341 1412 4421 diligencius
1444 4340 1607 4401 debemus
1631 4357 1804 4421 assurgere

358 4542 416 4578 non
436 4529 472 4580 sit
491 4527 648 4588 minimum.
677 4535 808 4583 errantes
827 4532 971 4600 quoslibet
999 4533 1036 4585 ab
1056 4533 1162 4584 erroris
1190 4533 1292 4585 semita
1312 4545 1450 4584 revocare
1478 4558 1509 4568 -
1535 4545 1601 4584 cum
1621 4531 1697 4584 inter
1716 4545 1806 4598 opera

357 4617 484 4670 caritatis
521 4619 559 4670 sit
586 4616 736 4684 profectus
765 4620 866 4672 salutis
893 4621 1053 4674 animarum
1085 4627 1215 4674 errantes
1244 4621 1391 4688 quoslibet
1423 4618 1460 4672 ad
1491 4625 1599 4672 statum
1625 4618 1807 4672 salutiferum

358 4720 495 4759 revocare
515 4713 543 4758 et
562 4707 652 4774 ipsius
671 4723 704 4761 ac
729 4710 757 4760 in
784 4709 985 4775 dispendium*
1013 4708 1057 4763 To
1075 4712 1141 4780 jsou
1160 4711 1197 4764 tii
1216 4725 1331 4779 arengy,
1351 4711 1434 4763 lrtere
1453 4724 1471 4761 v
1490 4708 1627 4776 piedloae
1646 4707 1719 4760 snad
1738 4709 1807 4778 byly
1902 4709 1906 4723 '

356 4811 393 4848 na
412 4795 513 4863 okraji,
540 4812 558 4849 o
577 4795 644 4849 tieti
662 4811 695 4849 se
720 4805 751 4850 to
777 4798 814 4850 da
839 4798 973 4864 dokazat,
1000 4801 1186 4853 srovnameli
1210 4799 1330 4852 zadatek
1356 4797 1566 4868 naslednjicfho
1591 4798 1666 4858 listu,
1686 4813 1703 4850 a
1723 4797 1807 4850 ktere

357 4885 434 4953 pisai
453 4884 577 4938 zdroveil
603 4901 618 4938 s
636 4885 803 4953 dopllikem
829 4889 913 4956 ktery
938 4903 999 4941 sem
1026 4889 1102 4955 patii
1120 4905 1136 4942 a
1155 4891 1224 4942 take
1245 4905 1281 4942 na
1300 4889 1391 4958 okraji
1413 4901 1445 4940 se
1464 4903 1482 4938 v
1502 4886 1639 4954 piedloze
1659 4885 1807 4947 nachazel,

357 4975 411 5027 bez
430 4973 552 5042 mysleni
570 4973 659 5040 opsal.
681 4973 705 5026 V
725 4975 797 5042 Kap.
815 4973 837 5042 J.
856 4983 918 5030 tato
939 4975 1001 5030 dest
1019 4978 1125 5030 schazi.

464 5079 492 5148 a)
517 5080 677 5144 ,debemus‘
703 5081 743 5135 ln.
770 5109 802 5119 —-
829 5083 858 5148 b)
883 5082 1073 5143 ‚decanatum‘
1098 5085 1147 5150 ln,
1173 5085 1388 5149 ,decanatuum‘
1407 5084 1481 5152 Kap.
1500 5083 1522 5152 J.
1543 5113 1577 5122 -
1596 5085 1624 5148 c)
1644 5083 1807 5148 ,ecclesiam

357 5185 439 5223 suam
465 5184 489 5223 c.
517 5185 543 5222 a.
568 5185 596 5222 n.
621 5169 771 5224 restitutis‘
796 5169 839 5238 jn.
866 5199 900 5209 -
926 5173 957 5240 d)
983 5171 1032 5240 ‚Jo‘
1057 5175 1130 5242 Kap.
1155 5174 1177 5244 J.
1206 5203 1236 5211 -
1264 5172 1292 5242 e)
1312 5179 1379 5236 ,..‘
1405 5173 1454 5235 ln,
1476 5174 1535 5235 ,tali
1555 5174 1629 5228 loco‘
1645 5171 1718 5240 Kap.
1729 5171 1753 5241 J.
1774 5201 1807 5210 -

357 5258 380 5326 f)
394 5257 476 5324 ,Cum
490 5260 565 5312 inter
584 5287 617 5296 -
637 5274 776 5314 revocare
797 5277 814 5312 v
826 5259 866 5312 ln,
886 5276 923 5314 na
936 5261 1030 5330 okraji
1047 5263 1129 5330 jinou
1142 5264 1246 5316 rukon.
