4008 5846
1066 410 1099 458 20

360 639 445 694 nam,
469 628 631 700 quantum
662 621 756 682 vobis
787 621 942 698 videtur,a
970 621 1122 700 amplius,
1155 626 1183 684 si
1206 641 1344 684 necesse
1368 619 1474 699 luerit,
1505 619 1700 698 informetis,
1724 641 1804 701 qua-

361 725 433 788 liter
457 729 499 788 sit
523 724 678 789 tacturus.
719 725 755 788 ln
779 726 897 790 litteris
929 729 1011 792 meis
1033 739 1102 790 tam
1138 728 1278 792 domino
1314 748 1401 807 pape
1432 748 1533 809 quam
1569 729 1679 812 legato
1703 748 1805 810 quam

360 833 479 896 ceteris
515 835 677 910 personis,
712 837 799 897 sicut
821 833 934 897 videre
969 836 1121 912 poteritis
1156 837 1187 897 in
1218 830 1580 916 superscripcionibusb
1613 837 1805 908 earundem,

360 941 456 1019 plene
481 959 653 1002 narramus
677 943 852 1022 negocium
877 951 910 1004 et
925 943 1076 1020 petimus,
1102 953 1138 1004 ut
1154 943 1250 1004 nobis
1274 944 1497 1021 provideatur,
1520 951 1557 1004 ut
1580 945 1806 1006 absolucionis

360 1047 559 1110 beneficium
576 1066 830 1128 consequamur,
848 1060 882 1110 et
896 1060 1132 1126 procuratores
1147 1069 1248 1130 super
1264 1050 1329 1112 hoc
1347 1053 1379 1112 in
1397 1049 1549 1111 Romana
1567 1054 1659 1113 curia
1683 1054 1804 1114 consti·

360 1157 484 1216 tuimus
507 1154 679 1234 speciales,
711 1173 776 1236 que
808 1160 1040 1235 procuratoria
1074 1156 1259 1238 perlegatis,
1299 1155 1489 1220 Obtineatis
1520 1167 1633 1220 tamen
1666 1161 1803 1220 omnino

359 1261 599 1324 testimoniales
633 1262 758 1324 litteras
784 1271 938 1340 patentes
962 1283 982 1324 a
1006 1261 1145 1325 domino
1170 1263 1410 1343 Ratisponensi
1435 1269 1598 1344 episcopo
1623 1273 1657 1327 et
1681 1286 1700 1326 a
1724 1267 1803 1328 civi·

360 1371 421 1432 bus
446 1368 536 1431 de..
563 1389 601 1429 ac
627 1372 671 1432 ab
687 1369 760 1431 aliis
784 1373 936 1448 personis
961 1372 1145 1446 autenticis
1170 1379 1206 1432 ut
1230 1379 1455 1447 protestentur
1472 1372 1609 1434 domino
1634 1373 1744 1454 legato
1770 1381 1804 1434 et

358 1476 436 1551 aliis,
461 1476 553 1557 quod
587 1476 681 1539 vobis
705 1479 848 1556 pecunia
872 1477 981 1538 taliter
1005 1487 1057 1539 est
1080 1477 1199 1555 ablata,
1224 1487 1258 1539 et
1282 1498 1340 1540 eas
1365 1498 1422 1558 per
1447 1477 1611 1560 prefatum
1636 1483 1802 1554 nuncium,

359 1601 560 1665 quocunque
585 1603 660 1645 eum
686 1583 886 1659 direxeritis,
917 1587 1157 1662 transmittatis,
1190 1589 1222 1648 in
1247 1591 1368 1649 ceteris
1391 1590 1547 1650 omnibus
1572 1589 1664 1668 quod
1698 1605 1801 1665 expe-

359 1691 430 1752 dire
455 1690 621 1753 videbitur
646 1690 813 1752 facientes.
840 1690 985 1755 Petimus
1001 1693 1108 1774 igitur,
1131 1696 1157 1756 si
1182 1693 1251 1756 fieri
1276 1703 1396 1772 potest,
1421 1703 1457 1757 ut
1474 1695 1636 1775 acquisita
1661 1697 1802 1772 pecunia

358 1799 420 1860 sub
445 1817 545 1859 usura
569 1797 612 1858 ad
638 1800 764 1859 curiam
789 1799 929 1878 predicti
946 1799 1044 1882 legati
1069 1800 1289 1878 personaliter
1313 1802 1491 1879 accedatis,
1515 1806 1543 1865 si
1567 1803 1599 1863 in
1624 1801 1800 1866 Alamania

359 1909 468 1984 ipsum
492 1904 627 1966 creditis
651 1905 805 1984 reperire,
829 1908 1005 1990 negocium
1029 1908 1242 1986 spoliacionis
1267 1907 1460 1972 huiusmodi
1484 1911 1636 1990 predicto
1662 1911 1801 1974 domino

358 2011 468 2094 legato
499 2012 628 2092 plenius
659 2021 852 2075 narraturus
875 2023 908 2075 et
932 2017 1188 2092 impetraturusc
1213 2016 1311 2078 nobis
1343 2016 1542 2079 beneficium
1574 2019 1803 2080 absolucionis

357 2122 506 2181 omnium
530 2121 629 2180 trium
661 2121 906 2182 sentenciarum
930 2125 1015 2184 sicut
1039 2125 1131 2185 scitis
1156 2122 1198 2183 ab
1223 2123 1353 2198 eodem,
1378 2124 1526 2206 alioquin
1551 2125 1695 2186 eundem
1720 2145 1801 2186 nun-

358 2230 446 2289 cium
469 2230 577 2288 eciam
603 2245 679 2288 cum
711 2225 826 2289 litteris
850 2229 972 2290 nostris
997 2227 1075 2306 (non
1101 2223 1215 2311 alias)‘¹
1244 2247 1343 2308 quam
1368 2231 1412 2292 ad
1436 2251 1532 2293 suum
1566 2231 1800 2294 cancellarium

357 2333 554 2412 expeditum
580 2333 732 2396 celeriter
754 2338 984 2398 transmitatis.

464 2505 525 2560 Fol.
545 2513 560 2560 3
582 2506 604 2560 d.
625 2511 668 2572 21,
687 2507 732 2561 tei
753 2523 770 2558 v
790 2509 830 2560 rk.
852 2509 979 2578 kapituly
999 2509 1123 2564 Ptalske
1148 2510 1173 2562 Κ
1193 2515 1227 2565 33
1247 2511 1265 2565 l.
1287 2517 1337 2566 122
1366 2513 1475 2582 (Emler
1494 2514 1550 2568 RB.
1565 2513 1590 2567 11
1609 2514 1700 2584 2522),
1720 2531 1736 2568 v
1757 2517 1799 2568 rk.

356 2595 420 2650 tete
445 2593 672 2664 kapituly140⁵
700 2595 748 2650 lol.
768 2601 821 2650 259
847 2595 985 2668 (Palacky
1004 2599 1233 2654 Formetbucher
1250 2601 1274 2654 ll
1295 2609 1328 2656 st.
1351 2601 1413 2672 167]
1435 2619 1451 2656 a
1472 2619 1489 2656 v
1510 2604 1731 2658 mnichovskem
1749 2604 1799 2658 sol.

358 2683 417 2737 130'
437 2685 460 2736 t.
481 2687 523 2738 88.
543 2683 589 2738 Pri
607 2686 744 2739 aternani
763 2687 868 2754 dopisu
887 2689 990 2741 tohoto
1010 2706 1024 2743 s
1043 2690 1092 2743 llis.
1114 2696 1155 2742 11.
1176 2705 1191 2742 a
1212 2691 1236 2743 ἐ.
1256 2696 1298 2744 56.
1328 2692 1443 2756 vidlme,
1464 2694 1496 2746 ie
1516 2702 1609 2747 nutno
1627 2695 1695 2748 take
1715 2695 1800 2763 dopis

358 2781 439 2827 tento
458 2774 578 2827 datovat
598 2778 666 2828 1287
687 2776 762 2829 lavet.
783 2778 825 2829 ³1.

1052 3015 1104 3078 22.

357 3150 477 3214 Biskub
508 3151 537 3215 T
533 3151 622 3214 obz'ds
655 3172 824 3235 oznamuse
840 3154 1055 3234 papetske'mu
1079 3157 1219 3238 legdtovi
1245 3157 1371 3231 Janovi
1393 3159 1529 3242 biskupu
1560 3160 1590 3223 T
1586 3159 1797 3232 usculskdmn

355 3263 391 3320 te
414 3261 509 3320 miser
531 3257 695 3340 R(apoto),
717 3257 739 3319 k
761 3261 854 3322 nlmu
876 3281 894 3322 s
911 3262 1028 3342 penlzi
1043 3264 1189 3346 poslanyt
1215 3287 1236 3326 v
1258 3249 1422 3329 liezenskl
1449 3267 1567 3330 diece'si
1595 3267 1649 3348 byl
1668 3267 1799 3348 oloupen

355 3363 612 3448 P(aulst0rfem),
638 3365 826 3447 poddany'm
848 3367 1023 3447 salckrabr'
1049 3369 1226 3450 Ry'nskrlzo,
1258 3395 1279 3434 a
1310 3375 1396 3437 a'ddd
1426 3395 1467 3436 aa
1498 3373 1651 3436 odvoldni
1680 3374 1797 3456 klatby.

1441 3566 1545 3650 (1287
1566 3592 1586 3632 v
1608 3571 1692 3653 le'tl).

493 3755 660 3820 Dominus
685 3759 864 3838 episcopus
888 3759 997 3844 legato
1023 3765 1123 3824 mittit
1148 3761 1274 3824 litteras
1299 3765 1503 3846 signilficans
1527 3771 1557 3828 ei
1580 3787 1654 3830 esse

863 3871 1040 3948 pecuniam
1065 3869 1273 3949 receptam).e

457 4027 655 4093 Reverendo
680 4030 713 4089 in
731 4024 864 4090 Christo
881 4029 967 4108 patri
984 4038 1017 4091 et
1034 4030 1179 4106 domino
1203 4031 1341 4094 domino
1366 4029 1551 4117 Jo(hanni)¹
1578 4039 1797 4101 miseracione

353 4141 461 4203 divina
486 4135 694 4199 Tusculanol
717 4135 888 4214 episcopo,
912 4137 1097 4215 apostolice
1122 4139 1211 4200 sedis
1236 4139 1356 4222 legato,
1388 4138 1586 4225 Th(obias)¹¹
1608 4145 1662 4206 dei
1685 4149 1797 4227 gracia

353 4247 527 4330 Pragensis
550 4245 731 4320 episcopus
755 4245 979 4305 reverenciam
1005 4243 1155 4306 debitam
1180 4259 1212 4306 et
1236 4247 1402 4309 devotam.
1442 4246 1540 4311 Dumi
1568 4253 1666 4331 plena
1691 4252 1795 4315 hurni-

353 4354 443 4417 litate
467 4351 583 4414 vestris
600 4349 766 4412 'mandatis
783 4350 995 4413 studeremus
1019 4351 1129 4415 modis
1147 4355 1304 4416 omnibus
1328 4357 1466 4419 obedire
1491 4367 1524 4418 et
1547 4362 1797 4437 procuracionis

354 4461 447 4523 vobis
472 4459 583 4521 debite
616 4466 745 4536 partem
777 4457 945 4520 residuam
981 4459 1042 4520 sub
1067 4461 1173 4522 usuris
1197 4463 1362 4541 quesitam
1388 4497 1430 4506 -
1454 4469 1547 4528 novit
1571 4467 1728 4530 dominus
1754 4501 1790 4510 -

354 4569 416 4632 sub
441 4567 609 4629 conductu
633 4562 758 4625 domini
784 4564 921 4644 palatini
946 4567 1041 4642 Reni,
1064 4568 1159 4629 ducis
1183 4565 1328 4643 Bavarie,
1354 4569 1529 4632 difficulter
1555 4575 1704 4649 obtento,
1728 4593 1795 4636 non

354 4679 424 4738 sine
448 4674 538 4756 gravi
562 4671 687 4733 lesione
719 4681 834 4733 nostra
859 4681 935 4734 ante
959 4670 1079 4734 festum
1112 4679 1317 4738 ascensionis
1341 4677 1518 4756 dominice,
1549 4683 1634 4742 sicut
1657 4701 1677 4742 a
1700 4684 1796 4745 vobis

354 4822 567 4836 ,ιιι-

461 4889 488 4949 a)
502 4883 666 4950 ,videbitur¹
680 4902 696 4936 v
710 4885 789 4938 obou
809 4884 880 4951 Kap.
906 4913 932 4920 ·-·
962 4885 989 4951 b)
1010 4887 1292 4953 ‚superspicionibus‘
1318 4887 1356 4940 ln.
1382 4890 1490 4957 aKap.
1505 4889 1538 4954 K,
1564 4893 1795 4961 ,suprascriptio-

354 4977 446 5030 nibus‘
466 4973 538 5042 Kap.
551 4973 574 5042 J.
596 5003 625 5013 -
648 4974 674 5044 c)
701 4975 852 5039 ,narraturi
875 4982 904 5025 et
931 4975 1119 5042 impetraturi,
1140 4974 1211 5043 Kap.
1226 4976 1259 5028 K.
1281 5005 1312 5013 —
1334 4977 1364 5042 d)
1384 4977 1537 5045 Doplneno
1559 4981 1606 5034 dle
1625 4981 1704 5035 obou
1723 4983 1795 5050 Kap.

356 5095 388 5104 -
412 5063 440 5132 e)
465 5063 549 5117 Vln.
578 5064 617 5116 od
645 5065 725 5118 slova
752 5063 933 5131 ,significans‘
959 5065 1056 5118 kolmo
1082 5059 1151 5118 dolii
1179 5067 1271 5132 psano
1303 5083 1319 5118 a
1351 5069 1463 5122 vazbou
1495 5068 1641 5124 seilznuto
1670 5087 1687 5121 v
1712 5071 1795 5125 deice

354 5157 454 5217 3cm.‚
481 5153 628 5222 doplneno
656 5153 704 5206 dle
731 5153 854 5221 nadpisu
880 5170 897 5205 v
924 5153 1028 5222 Kap.J.
1055 5183 1086 5191 -
1118 5153 1138 5216 l)
1166 5155 1295 5216 ‚domino
1317 5155 1367 5223 Jo.¹
1396 5156 1493 5210 schazi
1517 5173 1534 5210 v
1560 5159 1638 5212 obou
1665 5159 1734 5227 Kap.
1762 5189 1793 5198 -

355 5243 384 5314 g)
402 5242 583 5309 ,Castellano‘
603 5241 708 5310 Kap.J.
730 5272 762 5281 —
782 5244 812 5305 h)
832 5242 993 5310 ,Johannes‘
1021 5244 1090 5311 Kap.
1104 5246 1126 5313 J.
1149 5274 1177 5282 -
1200 5247 1219 5310 i)
1249 5248 1333 5305 ,cum‘
1352 5261 1370 5296 v
1390 5247 1466 5300 obou
1489 5247 1560 5315 Kap.
