3968 5848
1068 409 1120 458 132

370 625 531 705 premissa
555 625 598 685 ab
624 632 766 704 utraque
791 633 886 701 parte
910 623 1071 698 habitum,
1095 625 1123 686 si
1146 623 1255 685 dictus
1277 620 1329 684 Al.
1355 619 1437 683 infra
1462 621 1634 701 predictos
1658 620 1690 682 X
1715 639 1822 682 annos

369 733 459 793 bona
490 731 549 792 sibi
583 731 691 792 locata
724 729 898 810 possidere
931 730 1077 804 desierit,
1116 743 1150 792 et
1181 731 1281 791 etiam
1321 740 1398 808 post
1429 728 1560 810 lapsum
1591 728 1622 790 X
1655 747 1820 790 annorum

368 840 516 915 ipsorum
549 837 674 899 coniux
706 836 856 898 eiusdem
887 835 940 899 Al.
964 847 1023 899 aut
1046 835 1163 918 aliquis
1187 837 1270 899 alius
1294 836 1467 915 possidere
1499 835 1602 898 debet
1633 839 1764 898 vineam
1788 845 1822 898 et

369 947 458 1008 bona
482 944 602 1007 eadem
627 943 703 1007 loco
724 945 782 1021 sui,
806 944 868 1005 nisi
885 943 1062 1024 superbiis
1079 945 1122 1007 de
1139 951 1247 1028 novo:
1269 942 1394 1024 aliquid
1412 943 1603 1006 ordinatum
1620 940 1720 1006 fuerit
1736 945 1820 1006 inter

369 1060 489 1130 partes,
513 1051 597 1114 sicut
622 1051 684 1112 hec
708 1053 820 1112 omnia
853 1060 885 1112 et
909 1050 1037 1132 singula
1068 1051 1240 1130 predictus
1272 1051 1378 1112 abbas
1410 1069 1472 1113 suo
1505 1062 1538 1112 et
1569 1059 1755 1113 conventus
1780 1069 1819 1111 ac

368 1160 563 1221 monasterii
588 1161 638 1220 sui
662 1161 799 1220 nomine
824 1173 857 1219 et
882 1156 934 1221 Al.
960 1157 1108 1238 prefatus
1133 1178 1194 1237 pro
1220 1169 1314 1237 parte
1338 1159 1388 1220 sui
1405 1157 1580 1220 attendere
1596 1158 1820 1236 promiserunt

368 1265 509 1328 fideliter
533 1275 567 1328 et
590 1284 730 1338 servare,
756 1283 857 1344 super
889 1265 954 1326 hoc
983 1285 1019 1326 se
1052 1275 1086 1328 et
1119 1260 1215 1328 suosb
1246 1285 1306 1344 per
1333 1265 1590 1345 stipulacionem
1623 1263 1820 1347 legittimam

368 1373 548 1455 obligando
573 1382 606 1434 et
630 1383 743 1436 nostre
775 1392 811 1434 se
843 1373 1069 1435 iurisdiccioni
1102 1373 1329 1436 ecclesiastice
1360 1372 1545 1434 voluntarie
1577 1369 1819 1434 submittendo.

367 1477 503 1542 Solucio
528 1499 616 1542 nunc
640 1481 793 1558 superius
824 1479 995 1543 nominata
1028 1499 1148 1542 census
1180 1481 1322 1560 predicti
1355 1481 1489 1560 probari
1523 1479 1634 1555 debet,
1666 1477 1818 1559 quando·

368 1606 500 1666 cunque
523 1596 556 1650 et
579 1587 872 1668 quocienscunque
890 1586 976 1650 facta
1000 1587 1106 1664 fuerit,
1132 1607 1190 1668 per
1214 1587 1325 1649 literas
1349 1596 1504 1666 patentes
1528 1585 1653 1649 domini
1685 1586 1819 1647 abbatis

367 1695 519 1757 eiusdem
543 1694 637 1777 sigilli
662 1695 844 1756 munimine
870 1695 1053 1769 roboratas,
1079 1694 1172 1758 aliter
1196 1694 1283 1758 facta
1307 1695 1436 1758 solucio
1461 1694 1640 1757 habebitur
1664 1713 1725 1773 pro
1750 1711 1818 1755 non

365 1799 464 1864 facta.
490 1801 527 1863 ln
550 1803 643 1865 cuius
668 1803 713 1864 rei
726 1803 968 1864 testimoniumc
993 1813 1167 1881 presentes
1185 1803 1295 1864 literas
1312 1822 1373 1882 pro
1390 1801 1520 1882 prefato
1537 1801 1676 1864 domino
1693 1799 1817 1861 abbate

365 1917 399 1970 et
423 1909 626 1971 monasterio
650 1928 721 1985 suo,
754 1919 869 1970 nostro
894 1903 953 1991 (et)
979 1910 1121 1972 civitatis
1153 1908 1336 1991 Pragensis,
1368 1927 1429 1987 pro
1454 1901 1603 1989 prefatod
1626 1916 1739 1970 autem
1764 1906 1815 1968 ΑΙ.

366 2025 482 2078 nostro
506 2019 606 2078 etiam
638 2026 671 2078 et
695 2016 799 2094 ipsius
834 2025 867 2077 et
897 2015 1023 2078 domini
1059 2013 1235 2096 (abbatis)e
1259 2036 1299 2078 ac
1323 2025 1510 2080 conventus
1544 2015 1595 2076 sui
1630 2014 1814 2096 sigillorum

365 2117 588 2204 (munimineJs
610 2119 748 2186 fecimus
773 2124 935 2186 roborari.
960 2123 1085 2186 Actum
1110 2135 1144 2186 et
1167 2123 1293 2186 datum.

472 2277 531 2332 Fol.
552 2283 594 2332 25·
615 2279 638 2332 d.
660 2283 719 2340 165,
738 2279 784 2333 tei
803 2296 821 2331 v
840 2280 978 2347 rukopise
998 2281 1129 2350 kapituly
1149 2278 1357 2350 PratskeJrot
1370 2279 1409 2335 fol
1431 2285 1500 2334 270¹.
1520 2277 1815 2348 Ochronologickem

365 2369 497 2422 omezeni
515 2369 616 2422 rokem
638 2373 707 2422 1290
726 2385 802 2423 srov.
823 2371 902 2423 uvod
921 2369 945 2422 ll
965 2375 988 2423 3.

1052 2659 1124 2722 166.

365 2796 489 2880 Biskup
533 2798 650 2862 Tobia'l
678 2801 829 2881 nar'izuje
860 2801 937 2864 Her.
970 2801 1132 2864 dlkanovi
1170 2821 1191 2863 v
1223 2800 1412 2876 Klatoveclz,
1444 2802 1505 2882 uby
1541 2821 1585 2863 na
1607 2800 1687 2882 jelw
1718 2801 1813 2861 mistl

363 2904 486 2968 saloiil
512 2906 614 2986 spita'l
639 2915 699 2988 pro
727 2908 879 2971 nemocnd
904 2930 925 2970 a
957 2908 1063 2971 clrude'
1089 2929 1110 2970 v
1134 2907 1322 2984 mutaverit,
1345 2929 1389 2970 na
1403 2909 1504 2991 jelrod
1526 2909 1654 2972 effraeni
1673 2906 1816 2971 daroval

359 3011 363 3020 '
542 3012 675 3076 veikere'
684 3015 792 3095 jmlm'
814 3016 875 3078 sve‘
895 3016 1032 3078 Konrdd
1051 3037 1072 3078 z
1093 3014 1240 3078 Pomuku
1272 3035 1306 3076 se
1328 3035 1407 3076 sven
1431 3014 1631 3078 mandelkou.

1286 3174 1392 3256 (1288
1411 3178 1497 3260 pier
1518 3177 1543 3238 a
1566 3177 1704 3258 anum).

485 3315 676 3397 Episcopus
700 3319 838 3382 mandat
861 3317 1000 3392 decane,
1031 3329 1068 3382 ut
1100 3320 1265 3401 hospitale
1290 3341 1351 3403 pro
1376 3321 1513 3383 infirmis
1536 3319 1689 3381 fundaret

692 3426 768 3488 loco
792 3427 841 3488 sui
866 3427 935 3488 sine
960 3428 1145 3506 preiudicio
1170 3430 1312 3492 ecclesie
1336 3428 1480 3492 alterius.

470 3563 667 3650 Tho(bias)‘
697 3569 750 3630 dei
783 3573 894 3651 gracia
928 3571 1071 3632 honesto
1104 3581 1138 3631 et
1169 3572 1293 3633 dilecto
1326 3573 1359 3634 in
1383 3569 1516 3634 Christo
1541 3570 1609 3633 filio
1633 3565 1731 3632 Her.h
1754 3569 1811 3632 de·

362 3693 449 3736 cano
473 3683 507 3736 et
531 3673 676 3752 plebano
700 3676 733 3737 in
757 3671 920 3738 Glatoviai
953 3677 1095 3740 salutem
1128 3679 1158 3740 in
1183 3679 1332 3741 domino.
1364 3677 1502 3742 Sincere
1535 3679 1683 3742 karitatis
1707 3695 1811 3755 opera

361 3791 396 3843 et
418 3781 586 3862 quoslibet
610 3783 663 3861 pie
686 3783 883 3846 intencionis
899 3784 1048 3860 affectus,
1065 3805 1130 3866 que
1147 3787 1394 3849 multitudinem
1411 3789 1565 3866 operiunt
1586 3795 1811 3866 peccatorum,

362 3899 499 3968 propter
530 3901 644 3952 eterne
676 3887 741 3952 vite
775 3894 938 3970 premium
970 3890 1108 3954 feliciter
1137 3894 1358 3957 obtinendum
1397 3895 1511 3976 augeri
1543 3887 1668 3974 pociusJ'
1708 3911 1809 3973 quam

362 3998 467 4059 minui
490 3999 671 4076 cupientes,
696 3997 893 4060 discrecioni
918 4008 974 4060 tue
998 4001 1197 4063 mandamus
1221 4005 1253 4064 in
1272 4003 1392 4064 virtute
1416 4001 1623 4076 obediencie,
1645 4009 1810 4080 quatenus

361 4103 405 4164 ad
422 4105 675 4184 requisicionem
693 4107 812 4180 nuncii,
828 4106 1027 4168 exhibitoris
1044 4115 1264 4187 presencium,
1286 4109 1504 4172 honestorum
1529 4119 1562 4170 et
1579 4107 1810 4190 religiosorum

361 4213 506 4272 virorum
531 4207 674 4289 prioris&
700 4215 850 4295 magistri
874 4223 907 4275 et
931 4211 1068 4276 fratrum
1094 4216 1265 4295 hospitalis
1290 4218 1397 4278 sancti
1420 4215 1447 4276 F
1451 4215 1591 4277 rancisci
1626 4215 1669 4276 de
1700 4215 1810 4293 capite

360 4319 474 4396 pontis
504 4319 679 4400 Pragensis
709 4320 835 4382 ordinis
866 4319 1074 4384 stellatorum
1106 4341 1168 4384 nec
1200 4343 1268 4385 non
1300 4323 1343 4386 ad
1375 4341 1493 4402 preces
1524 4331 1558 4383 et
1581 4322 1739 4384 devotam
1762 4323 1808 4382 in·

360 4425 523 4488 stanciam
555 4427 614 4488 viri
645 4423 776 4506 providi
808 4423 994 4510 Con(radi)¹
1026 4429 1107 4491 dicti
1140 4431 1182 4492 de
1215 4429 1345 4492 Pomuk
1385 4431 1464 4492 civis
1500 4428 1746 4492 Glatoviensis¹¹’
1769 4449 1809 4491 ac

466 4617 494 4683 a)
514 4617 674 4684 ,nova‘1n.‚
696 4623 792 4684 ,novo‘
812 4619 883 4686 Kap.
902 4617 923 4687 J.
946 4647 976 4658 -
997 4619 1027 4686 b)
1046 4621 1132 4680 ,suas‘
1157 4621 1196 4674 In.
1218 4649 1251 4658 -
1274 4622 1300 4686 c)
1319 4621 1504 4684 ‚testimonio‘
1525 4619 1572 4682 ln,
1592 4619 1808 4685 ‚testimonium‘

360 4705 433 4773 Kap.
451 4705 474 4774 J.
495 4736 527 4743 -
548 4707 578 4769 d)
598 4707 749 4774 ,prefatus‘
768 4708 816 4766 ln..
837 4708 969 4776 ,prefato‘
990 4708 1062 4776 Kap.
1076 4709 1098 4778 J.
1125 4739 1159 4748 —
1185 4712 1212 4776 e)
1238 4709 1392 4778 Doplneno
1412 4709 1459 4762 dle
1479 4709 1550 4776 Kap.
1570 4709 1591 4778 J.
1613 4737 1643 4746 ·-
1666 4709 1688 4775 f)
1708 4711 1809 4780 ,sigilli

359 4795 407 4856 ln..
426 4795 593 4864 ‚sigillorum
613 4797 778 4852 munimine*
798 4797 871 4865 Kap.
890 4798 912 4867 J.
940 4827 973 4836 -
998 4797 1026 4867 g)
1046 4799 1096 4867 ,Jo.
1117 4799 1189 4867 Kap.
1215 4799 1237 4869 J.
1264 4828 1296 4837 -
1324 4800 1355 4868 h)
1381 4799 1425 4860 ,H¹
1452 4797 1524 4866 Kap.
1544 4798 1566 4868 J.
1594 4829 1627 4840 -
1647 4799 1666 4868 i)
1687 4790 1809 4862 ‚tali..¹

360 4885 431 4952 Kap.
450 4885 472 4954 J.
502 4913 535 4922 -
562 4883 583 4954 j)
603 4885 629 4937 V
649 4886 688 4940 ln.
708 4888 767 4954 pod
786 4894 871 4941 touto
897 4887 1034 4956 posledni
1060 4888 1173 4941 ladkou
1202 4897 1285 4942 textu
1305 4890 1440 4961 drobneji
1465 4891 1533 4945 toul
1553 4891 1648 4945 rukou
1672 4889 1810 4960 piipsany

360 4977 376 5026 2
395 4973 500 5043 iadky:
523 4973 673 5035 ,Notabile
688 4975 783 5029 Tanto
803 4978 879 5029 enim
893 4977 1028 5047 graviora
1040 4985 1108 5031 sunt
1123 4986 1251 5045 peccata,
1265 4987 1376 5046 quanto
1389 4979 1504 5034 diucius
1517 4980 1661 5035 infelicem
1683 4982 1808 5034 animam

359 5063 492 5117 detinent
511 5063 675 5133 obligatam,
695 5066 763 5132 quia
783 5066 925 5119 bonarum
946 5068 1089 5121 mencium
1102 5076 1147 5121 est
1160 5069 1199 5121 ibi
1212 5069 1326 5134 culpam
1340 5085 1507 5139 agnoscere¹
1528 5071 1578 5125 ubi
1591 5071 1676 5139 culpa
1690 5070 1808 5124 minime

359 5153 511 5221 reperitur,
541 5168 599 5220 qua
628 5161 748 5222 propter
776 5159 840 5209 etc.⁴
870 5184 902 5194 —
932 5154 962 5222 k)
992 5155 1035 5222 ‚H.
1065 5158 1177 5225 prioris‘
1204 5157 1276 5224 Kap.
1294 5157 1317 5225 J.
1347 5187 1380 5198 -
1411 5159 1429 5228 l)
1449 5159 1488 5222 ‚C.
1515 5159 1705 5228 de..‘Kap.
1724 5161 1747 5230 J.
1775 5191 1806 5199 -

359 5242 397 5312 m)
416 5243 499 5305 ,talis‘
522 5240 593 5310 Kap.
605 5241 627 5310 J.
