3988 5844
884 835 958 899 254.

197 1029 322 1114 Biskup
351 1031 470 1095 Tobr'dl
498 1030 585 1093 addc
619 1029 755 1114 biskupa
778 1019 981 1093 Recensklho
1008 1029 1196 1104 Jz‘ndeiclza,
1221 1031 1282 1111 uby
1304 1049 1343 1093 ve
1365 1034 1423 1092 svl
1443 1029 1560 1093 diecesi
1581 1029 1636 1093 do·

195 1138 273 1202 volil
285 1137 415 1212 vybr‘rat
422 1137 598 1220 piisplvky
614 1158 659 1200 na
674 1139 950 1219 anovuvystavlni
971 1137 1115 1201 kldl‘tera
1133 1133 1407 1219 (Magdalem'tek)
1422 1159 1445 1200 u
1459 1157 1507 1200 so.
1527 1137 1637 1200 Havlo

837 1266 859 1307 v
880 1245 994 1310 Praze.

1272 1327 1532 1412 (reae-1290).

261 1495 451 1576 Episcopus
483 1503 580 1578 rogat
604 1494 703 1558 aliurn
739 1496 944 1575 episcopum,
980 1505 1016 1557 ut
1050 1495 1240 1556 sororibus⁸
1274 1493 1376 1573 ipsius
1411 1492 1566 1571 dyocesis

426 1603 605 1682 permittat,
630 1611 667 1665 ut
691 1603 909 1666 elemosinam
933 1610 1049 1683 petant
1073 1603 1106 1664 in
1130 1595 1250 1682 ipsiusb
1275 1601 1413 1663 diocesi,

301 1781 499 1846 Reverendo
523 1785 556 1844 io
574 1779 706 1844 Christo
730 1783 816 1860 patri
833 1780 972 1844 domino
990 1777 1167 1862 H(enrico)
1191 1780 1245 1842 dei
1262 1781 1373 1861 gracia
1390 1779 1638 1859 Ratisponensic

195 1893 356 1970 episcopo
381 1885 559 1971 Th(obias)
583 1890 704 1952 eadem
727 1892 841 1972 gracia
865 1882 1055 1970 Pragensisd
1078 1889 1258 1967 episcopus
1290 1887 1431 1948 salutem
1467 1895 1501 1948 et
1534 1889 1638 1948 since-

195 2018 263 2062 ram
287 2000 320 2060 in
344 1996 484 2059 domino
516 1997 699 2058 caritatem.
728 1992 813 2058 Cum
844 1998 1085 2058 monasterium
1110 1995 1216 2056 sancti
1241 1991 1346 2056 Gallie
1368 2013 1521 2055 sororum
1546 1997 1637 2074 peni·

194 2107 340 2168 tencium
364 2105 454 2185 apud
480 2103 621 2186 Pragam
654 2111 767 2166 nostre
799 2103 956 2181 dyocesis
981 2104 1024 2164 sit
1048 2121 1107 2184 per
1130 2109 1329 2164 vetustatem
1354 2121 1372 2160 a
1397 2119 1477 2163 casu
1501 2098 1637 2163 fortuito

195 2212 387 2276 omnimode
413 2212 558 2274 dirutum
584 2231 623 2272 ac
648 2210 749 2273 etiam
774 2209 980 2286 demolitum,
1004 2210 1094 2291 quod
1119 2212 1182 2272 nisi
1199 2206 1322 2272 Christi
1346 2207 1492 2271 fidelium
1517 2207 1640 2269 elemo-

194 2322 272 2383 sinis
296 2318 479 2394 adiuvetur,
504 2336 572 2380 non
596 2326 709 2396 potest
723 2315 933 2398 aliquatenus
958 2314 1137 2392 reformari,
1162 2316 1290 2379 eisdem
1307 2314 1511 2389 indulsimus,
1536 2323 1573 2376 ut
1595 2314 1638 2376 de

194 2437 306 2490 nostra
338 2427 477 2504 dyocesi
512 2444 574 2505 pro
606 2426 856 2487 restauracione
890 2423 1041 2486 eiusdem
1076 2424 1270 2486 monasterii
1296 2443 1315 2484 a
1340 2419 1461 2484 Christi
1484 2421 1639 2484 fidelibus

195 2535 392 2597 elemosinas
408 2542 523 2612 petere
540 2533 679 2608 valeant,
696 2540 795 2611 prout
811 2533 918 2594 decet.
943 2529 1012 2594 Sed
1027 2531 1105 2610 quia
1121 2538 1237 2592 nostra
1254 2529 1409 2607 dyocesis
1426 2548 1486 2608 per
1501 2547 1638 2610 guerras

193 2651 227 2704 et
251 2640 333 2704 alias
357 2639 557 2719 multiplices
581 2642 830 2719 oppressiones,
855 2658 921 2719 que
945 2659 965 2699 a
989 2638 1100 2699 multis
1124 2638 1300 2699 retroactis
1323 2636 1533 2716 temporibus
1557 2636 1638 2699 huc-

194 2767 298 2828 usque
333 2749 509 2830 viguerunt
533 2755 566 2808 et
590 2747 702 2809 adhuc
737 2745 843 2826 proch
879 2744 977 2807 dolor
1012 2744 1228 2818 invalescunt,
1264 2743 1351 2804 adeo
1386 2749 1437 2804 est
1460 2743 1638 2819 destructa,

193 2857 283 2939 quod
312 2857 356 2918 ad
381 2856 670 2918 construccionem
703 2855 896 2915 monasterii
920 2851 1066 2914 iamdicti
1091 2851 1261 2913 sororibus
1298 2847 1433 2927 prefatis
1457 2848 1639 2910 elemosine

193 2982 380 3044 pauperum
404 2961 557 3025 sulficere
581 2969 752 3040 nequeunt
768 2959 835 3022 ullo
859 2960 973 3037 modo,
997 2967 1121 3020 etcum
1150 2956 1250 3020 officii
1273 2959 1377 3018 nostri
1406 2957 1521 3018 debito
1544 2965 1636 3017 tene·

195 3091 290 3134 amur
325 3089 513 3152 pauperum
550 3069 671 3148 inopiis
695 3067 883 3148 providere,
918 3085 1022 3146 quare
1046 3066 1280 3145 paternitatem
1315 3073 1469 3142 vestram,
1504 3065 1547 3125 de
1571 3082 1636 3143 qua

194 3179 328 3256 plenam
352 3177 543 3240 obtinemus
569 3175 815 3252 confidentiam,
839 3175 998 3236 duximus
1022 3171 1235 3254 presentibus
1259 3171 1478 3246 exorandam,
1502 3165 1581 3253 (111)ί
1606 3171 1638 3230 in

191 3295 300 3348 vestra
325 3285 462 3364 dyocesi
479 3303 614 3346 sorores
639 3281 809 3361 predictas
826 3283 935 3344 divine
952 3281 1235 3343 remuneracionis
1251 3277 1372 3340 intuitu
1396 3285 1430 3339 et
1446 3287 1635 3339 nostrarum

192 3411 328 3472 precum
345 3393 540 3468 interventu,
558 3389 777 3452 exhibitrices
793 3390 1011 3468 presencium,
1036 3386 1213 3448 admittere
1230 3385 1413 3466 dignemini
1437 3394 1549 3464 petere
1574 3383 1639 3446 ele-

193 3501 340 3562 mosinas
364 3519 425 3580 pro
442 3499 691 3561 restauracione
708 3495 900 3558 monasterii
917 3496 982 3557 iam
1000 3493 1148 3574 predicti,
1167 3497 1319 3568 scientes,
1344 3493 1436 3572 quod
1454 3489 1519 3552 hoc
1544 3491 1636 3570 apud

192 3616 334 3670 vestram
359 3607 594 3688 paternitatem
618 3612 713 3685 grata
737 3603 960 3665 vicissitudine
984 3600 1137 3663 volumus
1162 3599 1352 3678 promereri.

298 3815 357 3869 Fol.
378 3818 421 3867 43‘
442 3815 465 3867 ὅ.
485 3818 546 3875 254,
565 3813 611 3867 tei
630 3829 648 3864 v
668 3812 806 3879 rukopise
824 3812 956 3880 kapituly
976 3809 1127 3878 PraiskeJ
1144 3807 1191 3862 4ol'
1205 3807 1250 3862 fol.
1271 3811 1332 3860 232.
1352 3807 1438 3860 Slova
1457 3809 1519 3861 teto
1538 3807 1635 3877 listiny

191 3905 346 3975 vatahujici
364 3920 397 3956 se
417 3905 436 3956 k
455 3905 570 3957 valkam
590 3919 606 3955 a
626 3902 740 3958 bouiim
766 3919 833 3970 ,que
852 3917 868 3954 a
888 3901 1014 3954 multis
1040 3899 1194 3953 retroactis
1219 3896 1401 3964 temporibus
1421 3898 1575 3964 hucusque
1594 3898 1634 3949 vi·

191 4003 315 4064 guerunt
343 4001 373 4047 et
400 3993 523 4047 adhuc
550 3993 642 4061 proch
672 3995 756 4048 dolor
784 3991 974 4046 invalescunt'
1003 3989 1118 4059 ukazuji
1142 3987 1178 4057 jii
1199 3990 1217 4040 k
1237 3989 1366 4057 pozdejsi
1396 3985 1473 4040 dobe
1492 3985 1639 4053 panovani

191 4084 357 4138 Tobiasova
375 4099 392 4137 a
412 4091 443 4136 to
462 4083 588 4151 nejspise
608 4083 755 4136 kdomtci
768 4082 849 4134 valce
870 4081 1062 4134 1288-1290.
1078 4078 1145 4132 Rok
1165 4081 1235 4131 1290
1252 4079 1282 4146 je
1301 4078 1452 4132 terminem
1473 4077 1511 4130 ad
1530 4090 1636 4143 quem;

192 4189 229 4241 po
248 4175 313 4227 nem
334 4173 379 4242 byl
398 4173 436 4242 jii
456 4187 473 4222 v
493 4156 628 4225 dechach
648 4171 708 4225 mir.
729 4169 755 4224 Ο
776 4169 900 4223 klasteie
920 4177 1013 4222 tomto
1030 4171 1059 4239 je
1078 4167 1302 4237 jedinaaminlra
1321 4183 1342 4221 r.
1362 4169 1432 4220 1282
1451 4165 1559 4235 (Emler
1578 4163 1635 4217 RB.

190 4263 214 4316 11
233 4263 257 4316 ὃ.
278 4263 359 4328 1287)
379 4278 396 4315 a
415 4263 483 4314 take
502 4268 560 4313 tam
578 4262 607 4330 je
626 4261 768 4314 oenacenl
787 4259 875 4327 ,apud
894 4265 929 4312 st.
949 4257 1062 4312 Gallum
1089 4259 1195 4311 iuxta
1220 4255 1351 4326 Pragam‘
1369 4256 1437 4324 jako
1457 4255 1511 4308 ade
1531 4254 1634 4322 ,apud

191 4353 327 4422 Pragam‘.
346 4350 462 4404 Tomek
481 4349 554 4419 (οὄ).
576 4351 669 4404 mesta
688 4351 783 4419 Prahy
803 4349 813 4400 1
833 4349 927 4402 druhe
946 4347 1011 4413 vyd.
1030 4355 1065 4400 st.
1080 4347 1144 4413 232)
1165 4352 1196 4398 to
1209 4345 1334 4415 vyklada
1345 4343 1463 4414 jakoito
1476 4343 1636 4412 upominku

190 4458 227 4495 na
247 4439 367 4495 zulastni
387 4439 469 4494 Nove
489 4439 584 4492 mesto
604 4439 712 4492 vedle
730 4439 876 4492 vlastnlho
895 4437 988 4490 mesta
1009 4435 1180 4490 Praiskeho.

296 5153 324 5216 a)
345 5151 481 5214 ,sorores‘
510 5149 550 5202 In.
583 5177 617 5188 -
649 5147 679 5214 1))
707 5147 848 5216 ,propriis‘
877 5146 924 5214 In,
953 5145 1063 5216 ,ipsius‘
1092 5145 1163 5214 Kap.
1182 5145 1203 5215 J.
1243 5173 1275 5184 -
1309 5145 1335 5212 c)
1365 5146 1432 5206 ,tali‘
1460 5145 1532 5213 Kap.
1550 5143 1574 5214 J.
1600 5175 1632 5183 -

191 5239 221 5306 d)
242 5239 325 5303 ,talis‘
346 5238 417 5307 Kap.
436 5239 459 5309 J.
478 5267 512 5278 -
532 5237 562 5306 e)
580 5235 621 5302 ,C‘
641 5235 714 5305 Kap.
733 5235 755 5306 J.
776 5265 809 5276 -
830 5235 853 5301 1)
874 5236 1027 5305 130111ηό110
1046 5235 1093 5291 dle
1113 5233 1185 5304 Kap.
1212 5235 1234 5306 J.

1474 5337 1524 5392 13*
