4008 5846
1042 391 1076 441 18

339 611 454 682 precio
483 605 652 689 sanguinis
684 605 746 667 lusi
778 605 821 668 de
845 610 999 686 precioso
1032 624 1173 684 corpore
1205 605 1426 686 redemptoris
1458 608 1652 668 meritorum
1678 604 1780 666 debet

337 715 465 792 acquiri
488 716 616 789 virtute,
634 713 800 792 interque
825 711 905 774 illud
939 711 1126 794 pregrande
1158 711 1230 774 iore
1253 712 1446 787 dinoscitur,
1475 712 1568 793 quod
1592 710 1716 790 ubique
1747 719 1782 772 et

338 822 484 882 maxime
507 822 540 880 in
563 827 755 881 sanctorum
791 818 942 882 ecclesiis
978 821 1136 882 maiestas
1168 819 1321 882 altissimi
1353 819 1570 882 collaudetur.
1610 817 1781 899 Rogamus

339 929 451 1005 itaque
475 927 723 989 universitatem
742 935 885 988 vestram
910 935 942 988 et
960 927 1131 988 hortamur
1148 935 1275 988 attente
1292 946 1331 987 ac
1348 928 1380 988 in
1397 929 1627 988 remissionem
1653 932 1777 986 vestro·

337 1052 409 1094 rum
434 1033 529 1094 vobis
552 1035 754 1114 iniungimus
778 1041 1004 1113 peccatorum,
1028 1044 1194 1114 quatenus
1219 1033 1262 1094 ad
1280 1034 1443 1114 capellam
1468 1033 1601 1115 regiam,
1626 1035 1723 1093 sitam
1747 1035 1781 1093 in

337 1147 447 1201 castro
479 1140 645 1221 Pragensi,
686 1138 909 1218 imploraturia
941 1161 959 1202 a
1000 1141 1136 1202 domino
1180 1148 1363 1202 vestrorum
1404 1139 1603 1202 delictorum
1648 1141 1779 1200 veniam

337 1246 370 1306 in
394 1245 580 1308 humilitate
604 1247 739 1325 spiritus
763 1248 940 1309 accedatis.
967 1246 1039 1309 Nos
1055 1249 1143 1309 enim
1159 1246 1203 1308 de
1219 1247 1461 1324 omnipotentis
1475 1247 1531 1309 dei
1548 1244 1778 1308 misericordia

337 1363 370 1414 et
394 1361 585 1416 sanctorum
610 1357 683 1417 eius
708 1356 832 1416 meritis
864 1363 897 1415 et
921 1354 1217 1418 intercessionibus
1248 1351 1464 1430 confidentes
1499 1361 1536 1414 ut
1559 1352 1779 1414 devocionem

336 1468 481 1522 vestram
505 1464 601 1542 quasi
625 1455 727 1544 (per)b
750 1462 876 1540 premia
902 1462 1077 1524 salubriter
1101 1461 1146 1524 ad
1170 1464 1286 1523 merita
1305 1461 1480 1532 invitemus
1504 1460 1547 1522 ad
1573 1459 1688 1521 salutis
1712 1461 1780 1521 ani·

336 1587 464 1630 marum
496 1576 678 1630 vestrarum
713 1568 914 1647 proiectumc
945 1567 1193 1647 procurandum
1224 1571 1422 1648 propensius
1454 1577 1487 1628 et
1512 1567 1711 1649 augendum,
1734 1565 1778 1627 ad

336 1674 400 1736 vite
424 1683 537 1736 eterne
560 1675 681 1758 gaudia
706 1677 938 1752 promerenda,
961 1676 1201 1738 venerabilium
1218 1676 1250 1737 in
1268 1672 1401 1738 Christo
1426 1683 1558 1754 patrum
1575 1673 1685 1736 fratris
1710 1672 1775 1734 Ro·

337 1782 426 1843 mani
459 1775 665 1857 crohensis,⁴¹
698 1781 807 1863 Egidii
843 1779 1154 1860 (Turtibulanensis,
1186 1782 1294 1844 Tome
1323 1783 1534 1856 Acerrarum,
1562 1779 1782 1842 Waldebruni

336 1887 574 1952 Awellonensis
588 1897 621 1951 et
630 1885 828 1971 Leotherii)e
841 1885 1027 1952 Werulanis
1052 1890 1266 1952 dominorum
1283 1893 1523 1968 episcoporum
1541 1888 1781 1969 indulgencias,

336 2016 419 2077 quas
434 1997 499 2076 ipsi
515 2015 574 2076 per
598 1995 761 2077 singulasz
784 1997 993 2077 singulariter
1022 1997 1256 2081 quadragenas
1281 1997 1438 2059 omnibus
1462 1996 1559 2059 vobis
1582 2013 1659 2057 vere
1684 1997 1775 2074 peni·

335 2104 483 2166 tentibus
506 2111 540 2165 et
564 2103 735 2178 confessis
771 2107 828 2184 qui
853 2104 897 2166 ad
922 2104 1083 2184 capellam
1111 2105 1253 2166 eandem
1278 2102 1427 2168 infestis
1451 2104 1659 2182 subscriptis
1684 2101 1775 2164 vide·

335 2208 413 2272 licet
437 2214 469 2272 in
494 2213 665 2273 nativitate
690 2211 825 2283 domini,
851 2214 1099 2274 resurreccione
1125 2221 1158 2274 et
1183 2213 1390 2287 ascensione,
1415 2213 1448 2273 in
1472 2209 1619 2272 adventu
1643 2213 1780 2288 spiritus

335 2320 442 2378 sancti
459 2317 621 2396 paracliti.
647 2320 680 2380 in
698 2317 919 2381 dedicacione
937 2319 1040 2398 ipsius
1058 2318 1184 2398 capelle
1201 2327 1235 2380 et
1251 2317 1455 2400 singulorum
1474 2316 1628 2380 altarium
1645 2316 1780 2392 ibidem,

336 2428 368 2484 in
393 2422 531 2505 singulis
556 2421 793 2487 festivitatibus
826 2425 924 2487 beate
949 2424 1055 2490 Marie
1079 2427 1214 2509 virginis
1238 2425 1384 2510 gloriose
1410 2445 1449 2488 ac
1474 2425 1564 2488 beati
1588 2424 1676 2487 Petri
1700 2443 1778 2504 apo·

335 2530 412 2593 stoli
435 2539 469 2592 et
494 2535 526 2594 in
551 2529 637 2594 lesto
655 2536 803 2596 omnium
821 2541 1014 2595 sanctorum
1041 2533 1145 2615 (beati
1163 2531 1357 2596 Wencezlai
1382 2536 1537 2610 martiriS,
1561 2533 1650 2594 beati
1675 2529 1777 2594 Fran·

335 2641 415 2700 cisci
439 2637 651 2716 confessoris,
683 2640 782 2701 beate
806 2637 990 2702 Katherine
1013 2643 1156 2723 virginis,
1188 2642 1278 2703 beati
1304 2639 1436 2703 Nicolai
1460 2634 1654 2721 episcopi),h
1677 2647 1777 2720 atque

334 2765 393 2823 per
417 2754 554 2807 octavas
589 2745 751 2807 festorum
776 2750 925 2809 omnium
961 2747 1199 2826 predictorum,
1225 2765 1326 2809 causa
1352 2748 1547 2810 devocionis
1571 2749 1780 2808 accesseritis

334 2854 511 2930 annuatim,
546 2853 597 2914 vel
621 2857 678 2933 qui
702 2872 778 2916 cum
810 2859 1000 2918 reverencia
1033 2859 1254 2918 conveneritis
1285 2856 1326 2917 ad
1353 2852 1517 2935 capellam
1549 2861 1780 2929 memoratam,

334 2959 469 3039 quando
495 2958 637 3022 dilectus
669 2963 702 3023 in
728 2958 860 3023 Christo
885 2961 972 3024 tilius
995 2961 1184 3041 Adolphus,
1220 2961 1413 3041 capellanus
1447 2965 1533 3042 regis
1556 2959 1695 3023 Boemie
1718 2979 1777 3022 seu

334 3073 443 3127 rector
467 3067 617 3128 eiusdem
642 3066 779 3147 capelle,
804 3071 939 3131 missam
963 3068 1182 3147 sollempnem
1212 3069 1437 3144 celebraverit,
1461 3063 1527 3131 auti
1556 3069 1778 3148 predicaverit

334 3174 470 3234 verbum
494 3171 558 3249 dei,
583 3173 766 3236 contulisse
797 3183 990 3250 noscuntur,
1022 3184 1122 3255 prout
1144 3176 1176 3238 in
1200 3195 1316 3238 eorum
1341 3176 1458 3239 litteris
1482 3195 1583 3255 super
1607 3175 1672 3236 hoc
1697 3194 1776 3236 con-

334 3277 430 3341 lectis
454 3279 584 3357 plenius
609 3284 807 3358 continetur,
843 3290 932 3344 ratas
956 3291 988 3344 et
1012 3291 1123 3365 gratas
1147 3283 1310 3345 habentes
1333 3302 1373 3345 ac
1397 3301 1455 3344 eas
1479 3285 1679 3344 auctoritate
1710 3299 1777 3362 qua

333 3384 499 3468 fungimur
543 3387 787 3462 confirmantes,
822 3387 884 3451 XL
908 3389 979 3451 dies
1003 3393 1213 3452 auctoritatis
1249 3399 1363 3453 nostre
1396 3393 1428 3453 in
1454 3388 1518 3451 hoc
1553 3407 1632 3452 casu
1666 3389 1776 3452 huius·

334 3495 426 3556 modi
451 3495 655 3558 remissionis
679 3499 791 3578 gracie
816 3496 858 3558 de
882 3500 1030 3560 iniuncta
1065 3498 1162 3560 vobis
1186 3501 1372 3578 penitencia
1397 3498 1658 3560 misericorditer
1682 3497 1778 3558 duxi-

334 3620 406 3663 mus
431 3603 685 3684 coniungendos
708 3605 901 3666 testimonio
926 3599 1038 3666 huiusj
1063 3605 1185 3684 scripti.
1211 3604 1337 3667 Datum
1361 3613 1422 3667 etc.

440 3809 498 3863 Fol.
519 3815 535 3863 3
554 3809 578 3863 ὅ.
598 3815 640 3873 20,
660 3829 678 3864 v
697 3813 740 3866 rk.
760 3813 888 3882 kapituly
908 3813 1032 3868 Praiske
1052 3814 1078 3866 K
1098 3813 1259 3868 saloim
1278 3814 1388 3880 (Ernler
1407 3815 1465 3868 RB.
1476 3815 1501 3868 11
1520 3814 1543 3870 ὅ.
1558 3818 1649 3880 2540),
1669 3831 1687 3866 ν
1706 3816 1776 3868 mni·

333 3901 492 3952 cnovskem
513 3901 556 3953 rlr.
577 3899 624 3954 fol.
646 3900 705 3954 128¹
726 3901 750 3954 ἑ.
771 3907 813 3955 76.
833 3919 850 3956 a
868 3919 886 3954 v
906 3905 949 3956 rk.
968 3903 1098 3974 kapituly
1119 3903 1242 3956 Praiske
1259 3901 1272 3971 J
1293 3901 1340 3957 40¹²
1366 3903 1415 3957 iol.
1434 3908 1504 3958 229⁶.
1524 3903 1635 3958 Listina
1654 3911 1715 3958 tato
1734 3905 1778 3957 list

332 4004 365 4042 se
383 3989 583 4057 pozmenenim
608 3997 692 4044 textu
712 3991 751 4044 od
771 3991 840 4044 disla
859 3991 1120 4062 piedcbazejlciho.
1152 3991 1257 4046 Patrne
1287 3993 1398 4046 nastala
1418 4009 1436 4044 v
1455 3993 1601 4048 kancelati
1627 4009 1683 4047 ona
1704 4009 1778 4062 ,per-

333 4079 475 4139 mutacio‘,
502 4094 520 4132 o
545 4081 629 4133 ktere
654 4095 686 4133 se
709 4082 799 4134 mluvi
818 4083 857 4136 ku
871 4083 957 4136 konci
976 4081 1150 4151 piedes‘leho
1163 4085 1245 4136 kusu.
1266 4082 1292 4136 Ο
1304 4082 1561 4153 chronologiclrem
1580 4083 1680 4136 urdeni
1698 4099 1775 4137 srov.

331 4183 414 4234 poan.
434 4185 452 4221 u
472 4169 496 4222 ἆ.
517 4167 774 4240 piedchazejiclho.

438 4865 465 4932 a)
484 4864 679 4934 ,imploratori‘
699 4866 737 4919 ln.
757 4869 766 4918 i
786 4865 849 4926 Mn..
870 4867 1069 4934 ,impetrando‘
1090 4865 1161 4933 Kap.
1177 4866 1209 4918 K.
1225 4895 1256 4904 —
1271 4867 1301 4934 b)
1322 4867 1475 4936 Doplneno
1492 4867 1538 4921 dle
1558 4866 1614 4921 lin.
1634 4885 1650 4922 a
1669 4867 1741 4936 Kap.
1752 4866 1774 4935 J.

332 4981 366 4990 —
386 4951 412 5022 c)
432 4953 610 5020 ,perfectum‘
630 4953 678 5017 ln.,
699 4955 879 5022 ,proiectum‘
899 4955 955 5010 Mn.
979 4985 1011 4994 -
1035 4955 1066 5010 d)
1086 4955 1261 5018 ,Erehensis'
1282 4957 1330 5019 ln..
1350 4956 1523 5020 ,Erchensis‘
1549 4957 1620 5026 Kap.
1635 4959 1669 5021 K,
1694 4959 1776 5018 ,talis

332 5042 386 5095 ade
403 5043 412 5095 i
431 5043 501 5096 nasi.
523 5043 592 5112 Kap.
607 5043 627 5112 J.
658 5073 689 5082 -
718 5047 745 5109 e)
766 5043 920 5112 Doplndno
941 5045 989 5098 dle
1009 5044 1074 5108 Mn,
1102 5045 1160 5099 kde
1186 5045 1428 5109 ,Turtiburensis‘.
1453 5075 1486 5084 —
1510 5047 1532 5114 i)
1552 5047 1775 5110 ,venerabilium¹

332 5131 402 5198 Kap.
417 5131 450 5184 K.
471 5161 504 5171 -
523 5134 551 5203 g)
573 5133 715 5202 ,singulos‘
736 5133 773 5186 ln.
793 5135 802 5187 i
822 5133 886 5197 Mn..
909 5135 1054 5204 ,singulas‘
1075 5135 1145 5204 Kap.
1161 5135 1194 5189 K.
1218 5167 1244 5172 'a
1268 5134 1298 5204 h)
1316 5135 1470 5204 Doplneno
1489 5136 1537 5190 dle
1555 5136 1611 5188 Mn.
1631 5151 1647 5188 a
1668 5135 1738 5203 Kap.
1752 5136 1774 5205 J.

334 5249 363 5258 -
384 5218 404 5289 i)
423 5223 477 5285 ‚au‘
497 5221 544 5280 ln..
564 5227 631 5286 ,aut‘
652 5221 707 5275 ldn.
728 5253 760 5261 -
778 5222 800 5292 J')
820 5223 1003 5289 ,huiusmodi‘
1022 5223 1070 5286 ln,
1090 5224 1192 5288 ,huius‘
1212 5225 1268 5278 Mn.
