3988 5844
1018 429 1070 480 188

429 641 489 694 Fol.
509 645 552 694 40¹
572 639 596 693 d.
616 645 677 704 247,
702 640 748 694 tei
768 657 785 693 v
804 641 943 710 rukopise
968 640 1100 710 kapituly
1126 638 1280 708 PralslreJ
1300 635 1346 693 40⁸
1367 638 1415 693 fol.
1435 643 1495 693 276.
1533 637 1766 708 Chronologicke

322 746 403 783 meze
423 730 498 784 davd
517 731 583 782 listu
603 737 717 784 tomuto
737 732 909 784 ustanoveni
922 732 1020 784 mistra
1035 730 1119 783 Petra
1139 729 1308 797 probostem
1320 727 1559 798 Vydehradskym
1572 743 1589 781 a
1603 727 1768 781 kanclelern

321 836 342 871 r.
364 823 434 872 1266
454 835 470 870 a
489 827 560 872 smrt
579 819 704 888 biskupa
722 818 792 887 Jana
812 818 886 872 1112
907 819 1010 873 Draiic
1030 823 1100 873 1278
1119 818 1161 888 iij.
1181 823 1223 871 21.

1004 1108 1079 1174 248.

324 1249 493 1313 Krdlovna
512 1251 667 1313 Kunlzuta
683 1252 779 1314 vracr'
798 1251 882 1314 sudu
901 1251 1085 1325 Johannitzt
1104 1261 1218 1333 panny
1234 1250 1341 1313 Maris
1357 1271 1377 1311 u
1394 1259 1497 1314 mortu
1520 1248 1610 1312 hrad
1625 1248 1766 1314 Svddov.

1314 1409 1417 1488 (1278
1437 1431 1481 1472 na
1500 1407 1658 1490 podrim).

413 1555 539 1636 Regina
564 1565 709 1617 castrum
734 1573 809 1617 cum
835 1555 1079 1618 hereditatibus
1102 1557 1243 1618 restituit
1268 1556 1481 1628 monasterio,
1513 1553 1605 1634 quod
1630 1555 1678 1615 eis

748 1681 808 1723 rex
832 1663 864 1724 in
883 1663 953 1724 vita
978 1664 1126 1725 existens
1150 1661 1342 1726 abstulerat.

430 1801 675 1886 Chunigundis⁸
705 1805 758 1866 dei
790 1807 901 1886 gracia
933 1810 1046 1889 regina
1071 1805 1206 1868 Boemie
1231 1815 1304 1888 etc,
1337 1806 1431 1868 iuxta
1456 1803 1566 1868 divine
1591 1803 1769 1866 voluntatis

324 1911 495 1974 arbitrium
530 1911 703 1991 quondam
738 1911 873 1975 illustris
908 1915 994 1994 regis
1019 1911 1165 1989 Boemie‚
1201 1913 1309 1975 mariti
1344 1913 1423 1976 olim
1457 1913 1562 1974 nostri
1597 1912 1769 1987 karissimi,

322 2019 489 2081 conubiali
520 2018 697 2081 consorcio
728 2013 888 2093 viduata,b
923 2019 1002 2081 illud
1035 2029 1145 2083 mente
1181 2021 1320 2100 provida
1356 2021 1453 2083 nobis
1488 2039 1562 2082 esse
1593 2037 1769 2081 censemus

323 2126 499 2208 agendum,
534 2125 626 2206 quod
651 2127 695 2188 ad
719 2127 854 2205 superni
885 2126 1004 2190 iudicis
1028 2127 1161 2190 laudem
1186 2127 1379 2209 cultumque
1414 2127 1543 2190 iusticie
1567 2129 1769 2188 noverimuse

321 2237 495 2312 pertinere,
520 2245 556 2294 ut
580 2235 635 2306 sic,
660 2233 740 2296 dum
764 2234 830 2295 deo
847 2233 1010 2314 placitura
1027 2233 1210 2311 fecerimus,
1234 2234 1315 2297 dum
1340 2237 1519 2316 unicuique
1544 2235 1770 2296 curaverimus

323 2341 465 2402 reddere
497 2341 568 2402 iura
591 2359 661 2415 sua,
693 2341 855 2404 salutiferi
887 2361 986 2422 opem
1019 2338 1178 2426 sufragii,d
1202 2343 1246 2404 ad
1271 2342 1364 2424 quod
1396 2341 1526 2405 anhelis
1549 2341 1769 2404 desudamus*

322 2448 501 2529 spiritibus,
525 2449 664 2527 predicti
680 2448 852 2527 quondam
868 2449 972 2511 nostri
990 2451 1139 2532 coniugis
1156 2450 1264 2511 anime
1281 2468 1499 2530 procuremus
1524 2467 1563 2510 ac
1588 2448 1769 2511 reddamus

323 2555 465 2634 proinde
489 2554 573 2617 lilios
598 2563 740 2629 nostros
772 2574 858 2636 quos
882 2556 926 2617 ab
951 2557 1072 2618 eodem
1099 2559 1317 2637 suscepimus,
1341 2559 1409 2638 regi
1433 2556 1548 2620 celesti
1572 2567 1605 2618 et
1628 2555 1769 2618 homini·

322 2663 385 2724 bus
409 2663 571 2724 universis
595 2662 763 2740 amabiles,
787 2681 916 2744 nosque
941 2663 1155 2742 preconantis
1179 2663 1266 2726 lame
1291 2664 1441 2727 claritate
1465 2663 1585 2726 fiamus
1610 2663 1769 2738 celebres,

323 2771 380 2832 ubi
404 2779 520 2832 nostra
555 2774 717 2834 serenitas
752 2771 911 2834 maritalis
942 2769 1135 2833 dileccionis
1158 2771 1297 2834 iudicari
1333 2791 1402 2834 non
1427 2774 1549 2850 poterit
1583 2771 1769 2845 immemor,

323 2877 383 2939 sed
408 2888 600 2940 consortem
617 2887 776 2955 nostrum,
794 2878 888 2957 quasi
905 2880 1012 2940 vivum
1032 2878 1134 2940 corde
1150 2888 1311 2961 gerentes,
1336 2877 1448 2942 lovere
1465 2879 1584 2960 pocius
1601 2879 1769 2959 reputabi-

324 3003 396 3045 mur
423 2989 569 3064 pectoris
603 2989 635 3048 in
660 2985 817 3048 conclavi.
857 2985 966 3048 Huius
999 2987 1096 3068 igitur
1131 2985 1269 3066 provide
1294 2985 1577 3048 consideracionis
1601 2988 1770 3058 instinctu,

324 3086 466 3172 istaquef
499 3099 578 3154 necz
610 3093 886 3156 irracionabiliter
921 3094 1116 3155 commoniti
1152 3095 1299 3168 racione,
1335 3103 1482 3156 castrum
1519 3089 1657 3156 Suadov
1692 3112 1769 3154 cum

323 3199 478 3260 omnibus
502 3202 781 3278 possessionibus,
806 3202 893 3282 agris
910 3201 1006 3263 cultis
1023 3210 1056 3262 et
1072 3201 1212 3276 incultis,
1238 3199 1334 3274 silvis,
1360 3203 1503 3279 pascuis,
1528 3202 1641 3279 pratis,
1665 3201 1769 3279 aquis,

324 3299 585 3384 piscacionibush
607 3309 794 3388 ceterisque
818 3309 944 3370 iuribus
969 3319 1002 3370 et
1026 3309 1213 3371 attinenciis
1229 3310 1306 3385 suis,
1329 3309 1419 3389 quod
1444 3308 1487 3369 ad
1512 3309 1630 3370 fratres
1655 3308 1766 3385 hospi·

322 3405 425 3496 ta[lis]
458 3421 573 3475 sancte
599 3413 704 3476 Marie
736 3415 780 3478 ad
805 3416 926 3496 pedem
952 3419 1064 3496 pontis
1089 3415 1265 3498 Pragensis
1300 3415 1400 3495 pleno
1432 3417 1502 3478 iure
1533 3425 1687 3494 spectare
1712 3434 1769 3476 no·

323 3523 438 3594 vimus,
462 3519 505 3581 de
530 3521 595 3582 hoc
618 3520 858 3584 sufficientibus
882 3522 1094 3586 documentis
1117 3523 1286 3598 instructe,
1322 3542 1398 3586 cum
1423 3523 1600 3586 credamus
1623 3522 1769 3596 firmiter,

323 3629 356 3689 id
380 3629 446 3689 deo
471 3628 649 3707 placidum,
674 3631 800 3692 racioni
825 3639 1088 3692 consentaneum
1113 3639 1147 3692 et
1171 3630 1203 3692 in
1227 3632 1462 3693 subvencionis
1486 3629 1675 3692 remedialis
1699 3631 1768 3707 opi-

322 3735 427 3797 tulum
460 3737 568 3798 anime
599 3735 770 3817 quondam
801 3737 880 3798 dicti
913 3737 1019 3799 mariti
1049 3731 1162 3799 nostrii
1191 3757 1258 3800 non
1294 3739 1503 3820 ambigamus
1527 3741 1659 3817 penitus
1687 3737 1769 3798 aflu-

323 3854 442 3918 turum,
467 3843 617 3924 quamvis
641 3843 729 3906 idem
758 3855 904 3906 castrum
936 3842 1084 3923 prefatus
1118 3846 1289 3925 quondam
1323 3848 1460 3906 maritus
1492 3855 1606 3907 noster
1637 3847 1670 3906 in
1701 3847 1769 3907 vita

323 3970 383 4012 sua
408 3951 606 4030 possederit,
642 3952 825 4029 prenotatis
848 3961 961 4013 tamen
993 3951 1150 4014 iratribus
1182 3951 1280 4032 plene
1305 3952 1472 4033 planeque
1497 3952 1701 4014 restituimus
1725 3952 1769 4013 de

323 4071 415 4121 certa
446 4065 560 4120 nostra
592 4059 743 4132 sciencia,
777 4060 917 4122 consilio
950 4060 1113 4121 baronum
1144 4061 1236 4142 regni
1260 4059 1406 4136 Boemie‚
1437 4061 1507 4121 iure
1531 4069 1633 4139 atque
1657 4061 1768 4140 gracia

323 4161 489 4244 speciatit,
512 4164 671 4241 volentes,
696 4175 731 4228 ut
748 4167 870 4229 deinde
899 4166 980 4230 dicti
1004 4165 1123 4228 iratres
1144 4167 1362 4248 ipsorumque
1386 4186 1608 4242 successores,
1632 4168 1768 4247 quicun-

323 4293 388 4354 que
405 4273 436 4334 in
454 4271 582 4352 prelato
600 4273 757 4352 hospitali
774 4293 834 4352 pro
850 4284 1003 4353 tempore
1020 4271 1149 4350 fuerint,
1165 4272 1291 4338 dictum
1304 4284 1449 4336 castrum
1462 4281 1608 4352 teneant,
1622 4273 1769 4335 habeant

324 4390 357 4442 et
382 4381 577 4459 possideant
612 4400 689 4442 cum
714 4383 870 4443 omnibus
901 4381 1183 4461 possessionibus,
1214 4382 1341 4445 iuribus
1365 4389 1399 4443 et
1423 4381 1610 4443 attinenciis
1634 4381 1708 4456 suis,
1734 4391 1771 4442 ut

324 4491 546 4567 prescriptum
570 4497 629 4562 est,
655 4488 794 4567 pacifice
818 4497 852 4550 et
867 4489 987 4568 quiete,
1012 4489 1243 4567 promittentes
1266 4492 1314 4552 eis
1338 4508 1416 4550 vera
1440 4487 1506 4552 fide
1531 4497 1648 4550 contra
1672 4491 1769 4550 istam

324 4594 406 4657 dicti
430 4597 529 4656 castri
562 4597 811 4658 restitucionem
844 4615 1014 4676 nunquam
1046 4597 1157 4659 venire
1189 4617 1247 4676 per
1271 4617 1333 4660 nos
1364 4595 1415 4658 vel
1440 4597 1671 4675 interpositam
1694 4615 1767 4675 per·

324 4721 442 4764 sonam
475 4702 517 4764 de
542 4702 612 4764 iure
636 4703 686 4764 vel
718 4702 761 4765 de
785 4703 883 4778 sacto,
915 4704 975 4766 sed
1001 4711 1106 4765 ratam
1139 4715 1173 4766 et
1196 4703 1324 4766 firmam
1356 4722 1487 4781 semper
1518 4703 1645 4765 habere
1668 4711 1769 4783 atque

324 4808 513 4892 diligentem
547 4809 627 4872 dare
651 4830 799 4890 operam,
835 4821 872 4872 ut
896 4811 1016 4874 eadem
1050 4813 1219 4874 restitucio
1245 4811 1338 4873 firma
1362 4821 1395 4872 et
1419 4811 1545 4873 stabilis
1570 4821 1770 4890 perseveret,

431 4999 458 5070 a)
478 5001 709 5072 ,[C]vnchundis‘
734 5003 791 5056 Mn.
811 5033 841 5041 -
860 5004 890 5056 bl
906 5010 1082 5068 ,consortem
1102 5003 1230 5056 viduate‘
1249 5003 1297 5065 ln,
1317 5001 1480 5066 ,consorcio
1506 5002 1633 5057 viduatc‘
1659 5003 1715 5055 Mn.
1735 5030 1768 5040 -

323 5091 350 5162 c)
370 5093 527 5158 ,noveritis‘
547 5093 596 5157 ln,
614 5094 799 5160 ,noverimus‘
818 5091 875 5146 Mn.
890 5121 921 5132 -
937 5093 967 5160 d)
986 5093 1101 5161 ,auxilii‘
1122 5091 1177 5144 Mn.
1192 5121 1224 5132 -
1238 5089 1265 5160 e)
1284 5091 1485 5153 ,dusudamus‘
1504 5091 1552 5154 ln,
1572 5092 1769 5158 ,desudamus

324 5183 379 5236 Mn.
407 5213 430 5221 -
454 5183 476 5248 l)
497 5183 613 5251 ,itaque‘
633 5183 689 5235 Mn.
710 5211 743 5220 -
763 5183 791 5250 gl
812 5187 889 5248 ,non¹
910 5183 967 5236 Mn.
988 5213 1020 5220 -
1035 5183 1065 5244 h)
1085 5181 1326 5250 ,pascacionibus¹
1345 5181 1393 5242 ln..
1416 5181 1649 5248 ,piscacionibus‘
1668 5180 1723 5234 Mn.
1736 5211 1769 5220 -

323 5270 343 5340 i)
362 5273 482 5338 ,nostre‘
501 5271 549 5334 ln..
569 5271 679 5334 ,nostri‘
698 5271 756 5326 Mn·
777 5299 808 5310 -
830 5270 860 5340 k)
880 5272 1040 5340 ,spirituali¹
1060 5271 1108 5334 ln,
1129 5256 1239 5339 ‚spitali‘
1260 5271 1315 5324 Mn.
