3988 5844
899 447 949 500 187

890 715 964 777 247.

201 877 357 940 Minoritl
380 877 451 950 Jan
469 876 642 958 guardia'n
666 899 688 939 u
710 897 757 940 sv.
778 874 912 949 Jakuba
935 896 956 936 v
981 873 1083 936 Praae
1098 894 1120 934 a
1145 871 1262 936 Toma's'
1281 872 1451 953 potvrzujz'
1466 872 1650 952 probotiovz'

212 983 487 1066 Vytekradske'mu
510 984 648 1058 Petrovr',
672 987 709 1046 de
725 985 839 1046 mamex
850 983 997 1065 jme'nem
1012 980 1092 1063 jelro
1107 979 1222 1042 addali
1243 977 1378 1058 bz'slrupa
1404 978 1499 1051 Jana
1523 983 1645 1040 osmz‘r.

1278 1137 1540 1220 (rare-rara).

606 1288 866 1350 Instrumentum
890 1287 981 1365 pacis
1006 1295 1039 1348 et
1063 1287 1253 1348 concordie.

310 1449 346 1510 ln
372 1450 506 1512 nomine
530 1448 656 1510 domini
681 1465 788 1508 amen.
814 1445 886 1508 Nos
909 1444 1096 1526 Johannes⁸
1118 1444 1298 1527 gardianus
1324 1444 1387 1506 loci
1401 1445 1509 1504 sancti
1532 1441 1650 1522 Jacobi

204 1557 235 1618 in
261 1555 366 1639 Praga
391 1566 424 1618 et
441 1556 591 1618 Thomas
615 1555 732 1617 lratres
749 1553 875 1616 ordinis
892 1557 1059 1616 minorum
1083 1551 1228 1632 presenti
1245 1555 1370 1628 scripto
1394 1552 1427 1612 in
1442 1551 1510 1611 veri
1534 1549 1646 1628 dispo·

204 1665 329 1726 sicione
361 1664 543 1726 testimonii
575 1663 736 1726 duximus
768 1659 1018 1734 declarandum,
1049 1659 1141 1738 quod
1172 1662 1220 1721 vir
1244 1658 1404 1738 providus
1427 1665 1461 1718 et
1484 1656 1648 1718 discretus

202 1771 357 1832 dominus
395 1766 536 1852 Pletrus)
574 1769 862 1852 wissegradensis
902 1767 1100 1849 prepositus.
1139 1767 1313 1847 Pragensis
1352 1756 1647 1848 archidliaconusL

204 1878 404 1940 reverendus
427 1887 461 1940 et
485 1881 659 1960 eggregius
676 1876 766 1958 regni
792 1875 928 1937 Boemie
945 1873 1170 1948 cancellarius,
1194 1873 1409 1935 affectuosius
1433 1891 1495 1934 nos
1512 1873 1648 1952 rogavit,

203 1993 247 2061 ut,
271 2004 349 2046 curn
380 1987 465 2047 inter
497 1984 718 2048 venerabilem
753 1992 883 2064 patrem
915 1975 1114 2064 (nostrum)b
1142 1980 1314 2043 dominum
1345 1979 1547 2060 Johannem⁰
1572 1977 1648 2039 Pra-

203 2111 338 2172 gensem
362 2093 561 2172 episcopum
587 2102 619 2154 et
644 2094 753 2170 ipsum
778 2091 954 2171 instigante
971 2089 1098 2151 fraudis
1122 2101 1236 2150 actore
1260 2087 1389 2149 dudum
1415 2097 1502 2148 esset
1525 2086 1648 2147 zizanie

203 2217 242 2260 ac
266 2199 438 2260 discordie
463 2199 574 2260 lolium
599 2199 813 2272 seminatum,
842 2198 885 2260 ad
910 2197 1133 2259 decidendam
1158 2195 1333 2256 cuiuslibet
1355 2197 1529 2256 materiam
1554 2211 1649 2253 scan-

203 2307 269 2369 dali
294 2317 327 2368 et
352 2307 459 2368 omnis
484 2309 621 2368 omnino
647 2305 900 2386 causamlitigii
923 2324 983 2366 seu
1008 2303 1225 2366 dissensionis
1250 2301 1425 2364 cuiuslibet
1448 2299 1650 2362 abolendam

203 2414 286 2474 inter
302 2414 411 2493 ipsum
427 2423 461 2474 et
477 2413 650 2474 dominum
667 2415 865 2491 episcopum
883 2411 1092 2490 prelibatum,
1117 2403 1225 2490 quodd
1249 2409 1457 2470 estuantibus
1474 2407 1649 2469 desideriis
1669 2387 1671 2392 ⁵

203 2519 391 2598 affectabat,
415 2520 548 2582 salubre
573 2520 747 2582 consilium
774 2529 1009 2598 prestaremus.
1050 2515 1122 2582 Nos
1147 2527 1258 2578 autem
1283 2499 1475 2595 patentibus
1498 2515 1650 2576 videntes

203 2627 341 2702 indiciis,
373 2627 499 2690 dictum
532 2628 706 2689 dominum
738 2629 944 2707 prepositum
976 2624 1097 2687 zelare⁰
1129 2643 1247 2704 pacem
1283 2632 1317 2684 et
1339 2622 1465 2684 anhelis
1500 2625 1648 2700 aspirare

204 2735 373 2812 spiritibus
399 2735 441 2796 ad
467 2735 648 2796 concordie
666 2735 833 2808 unionem,
857 2734 948 2813 quod
965 2733 1159 2812 suppliciter
1183 2743 1216 2793 et
1233 2731 1354 2793 devote
1377 2731 1522 2810 graciam
1548 2741 1649 2809 atque

204 2861 321 2919 pacem
346 2865 365 2904 a
390 2843 482 2905 dicto
520 2842 657 2904 domino
695 2843 857 2922 episcopo
893 2839 1088 2921 postularet,
1124 2837 1297 2900 consilium
1333 2836 1441 2899 eidem
1477 2836 1648 2916 preposito

203 2949 426 3025 exhibuimus,
451 2951 506 3030 qui
524 2969 592 3011 non
617 2949 713 3025 lente,
737 2969 804 3011 non
830 2949 975 3030 segniter
992 2947 1056 3009 hoc
1073 2947 1259 3022 attendens,
1284 2945 1381 3006 duxit
1404 2964 1466 3006 nos
1482 2945 1648 3006 attencius

204 3057 446 3136 deprecandos,
471 3057 565 3136 quod
590 3077 652 3119 nos
677 3077 737 3136 pro
762 3067 857 3134 parte
881 3075 940 3118 sua
965 3063 1076 3116 mente
1100 3074 1184 3134 pura
1209 3063 1243 3115 et
1265 3053 1455 3115 intencione
1480 3069 1547 3113 non
1572 3049 1650 3111 ficta

204 3183 279 3224 cum
304 3166 396 3225 omni
420 3146 620 3241 devocione,
640 3167 730 3226 omni
755 3165 889 3243 spiritus
913 3161 1097 3224 humilitate
1122 3169 1156 3223 et
1178 3161 1367 3223 sinceritate
1392 3152 1525 3234 cordis,f
1549 3177 1650 3238 quam

204 3271 293 3334 idem
318 3273 507 3351 prepositus
539 3291 654 3333 coram
678 3272 776 3334 nobis
808 3270 1055 3332 evidentissime
1087 3268 1318 3349 pretendebat,
1352 3268 1414 3329 sibi
1445 3268 1590 3349 graciam
1616 3275 1649 3326 et

204 3397 320 3456 pacem
346 3397 364 3437 a
389 3379 525 3441 domino
550 3380 711 3458 episcopo
737 3396 960 3458 precaremur.
985 3373 1245 3439 Considerantes
1268 3376 1366 3456 igitur
1380 3383 1450 3436 tam
1474 3373 1649 3434 honestam

202 3493 319 3566 quam‘
345 3503 531 3568 congruam
556 3487 758 3564 peticionem
776 3506 820 3548 ex
838 3485 1012 3547 humiliato
1029 3484 1156 3561 spiritu,
1181 3482 1285 3544 corde
1310 3483 1453 3544 contrito
1478 3490 1511 3541 et
1535 3482 1647 3542 animo

204 3594 389 3671 procedere
414 3587 617 3666 discretivo‚¹¹
640 3596 716 3674 quia
742 3613 804 3655 nos
828 3612 961 3671 semper
986 3609 1123 3670 operam
1149 3591 1210 3668 piis
1234 3608 1411 3672 erogamus
1434 3588 1591 3667 operibus
1616 3596 1650 3648 et

203 3699 412 3781 diligenciam
428 3701 642 3780 inpendimus
658 3699 829 3762 efficacem
846 3711 1017 3780 tamquam
1035 3697 1087 3775 illi,
1111 3699 1166 3778 qui
1183 3698 1338 3759 virtutem
1355 3695 1504 3772 colimus,
1528 3696 1647 3755 vicium

204 3806 427 3890 prodigamus,
461 3809 537 3870 huic
562 3809 680 3869 honeri
712 3808 870 3870 humeros
894 3817 1028 3868 nostros
1064 3805 1278 3866 submisimus
1314 3813 1347 3865 et
1371 3804 1567 3883 episcopum
1592 3800 1649 3861 ad·

203 3916 318 3977 ivimus
331 3916 541 3994 prelibatum,
565 3915 667 3976 verba
684 3923 717 3976 et
733 3915 937 3976 voluntatem
956 3915 1060 3992 ipsius
1084 3912 1244 3991 prepositi
1261 3929 1376 3972 coram
1389 3912 1463 3988 ipso
1488 3891 1647 3990 episcopo

203 4024 431 4101 exprimentes
469 4021 633 4083 humiliter
664 4031 698 4083 et
722 4021 852 4096 devote,
887 4031 923 4081 ut
953 4021 1026 4099 ipse
1060 4019 1214 4080 videlicet
1249 4020 1397 4100 graciam
1430 4019 1590 4094 impartiri
1615 4025 1649 4077 et

204 4149 322 4210 pacem
347 4129 438 4190 dicto
463 4131 636 4209 preposito
660 4129 861 4208 dignaretur,
887 4128 1030 4189 eundem
1049 4127 1222 4188 dominum
1239 4126 1434 4204 episcopum
1457 4124 1650 4202 suppliciter

203 4235 413 4312 exhorando,
437 4248 473 4296 ut
497 4237 759 4316 composicionis
790 4233 931 4297 sormam
957 4235 1151 4296 ostenderet
1175 4242 1209 4293 et
1232 4233 1302 4294 eius
1324 4241 1441 4302 tenore
1466 4229 1649 4292 concordia

203 4342 336 4404 effectui
362 4343 477 4404 debito
502 4336 735 4419 mandaretur,i
764 4341 814 4403 vel
838 4345 865 4404 si
891 4343 1040 4419 placeret
1055 4349 1169 4402 nostre
1194 4338 1301 4400 forme
1324 4347 1421 4413 stare,
1446 4338 1552 4418 parati
1577 4356 1649 4397 era-

203 4468 278 4511 mus
313 4451 375 4511 sibi
402 4450 581 4511 ostendere
616 4447 757 4511 formam
794 4457 955 4511 nostram.
995 4445 1061 4526 Qui
1085 4447 1241 4509 dominus
1278 4449 1458 4527 episcopus
1493 4454 1647 4506 neutrum

203 4556 304 4618 voluit
335 4569 522 4637 acceptare,
553 4557 666 4637 sicque
699 4575 768 4635 pax
800 4576 869 4618 non
900 4559 988 4617 venit
1020 4555 1062 4617 ad
1087 4555 1224 4629 exitum,
1257 4574 1318 4616 nec
1350 4553 1532 4615 concordia
1565 4549 1647 4613 linek

202 4663 316 4726 debito
341 4675 392 4725 est
409 4665 527 4744 posita.
553 4663 608 4726 Ad
626 4665 719 4725 cuius
737 4663 784 4724 rei
801 4659 1020 4745 (evidenciam
1045 4655 1122 4739 νεὶ)ι
1151 4660 1316 4723 cautelam
1334 4678 1471 4740 presens
1488 4660 1648 4739 scriptum

203 4771 359 4832 duximus
384 4771 651 4833 confirmandum
674 4769 771 4853 sigilli
795 4771 898 4832 nostri
923 4770 1104 4832 munimine
1129 4770 1334 4831 roboratum.

309 5020 337 5080 a)
358 5015 409 5078 ,G.‘
430 5016 501 5084 Kap.
514 5015 535 5084 J.
558 5045 590 5054 -
610 5015 640 5085 b)
660 5015 814 5082 Doplneno
834 5016 881 5068 dle
902 5015 972 5083 Kap.
986 5015 1009 5084 J.
1030 5043 1063 5052 -
1084 5017 1110 5082 c)
1133 5015 1181 5083 ,Jo‘
1203 5013 1309 5080 Kapl.
1333 5043 1365 5052 —
1385 5013 1415 5084 d)
1436 5014 1574 5081 ,quidem‘
1595 5014 1646 5080 In,

203 5107 301 5174 ,quod
327 5107 397 5174 Kap.
411 5106 433 5174 J.
453 5135 486 5145 -
506 5111 534 5172 e)
561 5106 664 5168 ¹zelari‘
689 5106 737 5167 ln„
764 5107 873 5169 ,zelare‘
893 5105 965 5172 Kap.
978 5104 999 5172 J.
1022 5133 1053 5140 —
1074 5103 1096 5166 s)
1117 5104 1244 5169 ,ordinis‘
1269 5103 1318 5167 In,
1345 5105 1460 5160 ‚cordis
1487 5102 1559 5170 Kap.
1572 5105 1594 5172 J.
1615 5133 1648 5142 —

202 5193 229 5264 g)
250 5199 326 5258 ,tam‘
346 5196 395 5256 ln.¹
424 5201 529 5263 ,quam‘
556 5195 628 5261 Kap.
639 5194 662 5262 J.
683 5223 715 5232 -
736 5195 766 5260 h)
787 5194 967 5259 ,districtivo‘
994 5193 1042 5258 In,
1072 5193 1247 5252 ,discretivo‘
1275 5194 1348 5260 Kap.
1361 5193 1383 5261 J.
1404 5221 1435 5230 -
1457 5193 1476 5256 i)
1497 5193 1648 5260 ,mancipa-

203 5292 290 5340 retur‘
312 5285 382 5353 Kap.
396 5285 418 5354 J.
439 5313 472 5322 -
494 5285 522 5350 k)
544 5286 622 5347 ,sine‘
643 5284 681 5337 ln.
707 5313 729 5322 -
756 5283 776 5351 l)
795 5282 949 5349 Doplneno
970 5283 1017 5336 dle
1037 5282 1108 5350 Kap.
1126 5282 1147 5350 J.
