4008 5846
919 413 952 464 19

908 628 961 690 21.

205 781 335 865 Biskup
360 779 378 863 (
379 783 411 846 T
406 783 510 864 oletis)
535 784 685 868 naiisuje
708 784 825 849 mistm
848 781 1045 868 R(apotovi),
1069 787 1272 867 oloupenlmu
1295 808 1312 850 o
1330 787 1454 868 pem'ae,
1478 787 1567 850 kterl
1587 788 1658 851 nesl

202 887 421 968 papedske'mu
452 889 594 972 legatovi
624 891 769 971 (Janovi
797 893 933 977 biskupu
962 893 992 957 Τ
988 891 1214 976 usculskemu),
1247 893 1308 975 aby
1322 895 1376 976 je]
1401 893 1559 975 vylrledal
1573 894 1658 976 jalz·

205 996 315 1059 dor-ud
335 1017 357 1058 v
380 996 549 1072 Nhnecku,
585 1019 606 1059 a
631 998 754 1078 penr'ae,
789 999 955 1063 delude-li
976 1000 1052 1083 siclt
1075 1002 1153 1080 epit,
1187 999 1354 1077 odevadal,
1388 1001 1469 1062 anab
1499 1001 1530 1063 si
1551 1000 1654 1080 urliry‘

205 1103 304 1166 obnos
327 1103 372 1166 od
392 1107 539 1168 mlstanr‘i
563 1105 754 1186 eeeensky'ch
777 1107 928 1189 vyprijdil.
974 1107 1130 1189 Odejel·li
1141 1108 1197 1189 jis
1221 1109 1309 1188 legdt
1331 1107 1372 1170 do
1395 1087 1502 1181 Rima,
1527 1109 1581 1170 md
1600 1117 1655 1190 pe-

206 1211 280 1272 niae
312 1210 415 1273 uloiit
443 1233 464 1274 v
493 1193 610 1275 lieznl.
651 1213 764 1276 Posr‘ld
795 1213 816 1275 k
844 1216 939 1277 nlmu
970 1215 1066 1278 sve'lw
1091 1214 1309 1294 prokurdtora
1343 1211 1475 1297 J(ana),
1511 1216 1571 1297 aby
1600 1237 1655 1278 mu

205 1314 364 1400 R(apot0)
392 1319 455 1381 dal
474 1319 659 1401 informari,
680 1320 747 1402 jak
770 1320 801 1384 si
822 1321 877 1383 ma‘
894 1323 1031 1404 polr'nat
1051 1344 1072 1384 v
1095 1321 1267 1396 Nlmecku,
1298 1320 1358 1403 aby
1381 1321 1500 1385 dosdlrl
1527 1322 1653 1405 uloupe-

367 1426 447 1504 njch
465 1430 567 1507 penlz
589 1447 610 1489 a
624 1426 692 1510 jak
714 1431 770 1489 md
783 1429 905 1510 jednat
926 1450 946 1490 v
970 1417 1067 1492 Rima
1086 1439 1178 1492 stran
1200 1429 1363 1510 spreitdm'
1380 1428 1496 1510 klatby.

1216 1601 1323 1687 (1287
1344 1607 1455 1672 holten
1478 1603 1546 1688 31).

525 1694 716 1774 Episcopus
740 1700 864 1760 nuncio
888 1697 1034 1776 speciali.

315 1837 388 1899 Nos
413 1835 608 1918 (Thobiasl²
632 1840 686 1900 dei
717 1840 828 1920 gracia
860 1839 1036 1922 Pragensis
1067 1841 1247 1918 episcopus
1278 1837 1466 1901 honorabili
1489 1844 1560 1902 viro
1585 1859 1652 1901 ma·

204 1947 311 2026 gistro
337 1940 553 2023 R(ap0toni)b
575 1945 750 2025 capellano
767 1965 838 2026 suo,
864 1947 1017 2010 eiusdem
1033 1947 1173 2010 ecclesie
1190 1949 1364 2021 canonico,
1389 1947 1520 2010 doctori
1537 1947 1652 2009 decre·

204 2063 328 2126 torum,
353 2051 493 2114 salutem
519 2061 553 2114 et
577 2071 677 2114 omne
710 2055 846 2117 bonum.
887 2053 981 2116 Licet
1005 2073 1066 2134 pro
1090 2063 1158 2116 tam
1190 2057 1281 2135 gravi
1310 2061 1438 2130 eventu,
1471 2058 1528 2136 qui
1552 2055 1654 2130 vobis,

205 2160 311 2219 immo
335 2160 434 2221 nobis
458 2159 582 2222 accidit
606 2163 638 2221 in
655 2165 812 2240 presenti,
837 2161 1016 2239 plurimum
1034 2163 1272 2224 conturbemur
1296 2170 1329 2222 et
1345 2161 1417 2237 plus
1434 2163 1653 2224 offensionem

207 2283 353 2343 persone
387 2275 494 2328 vestre
519 2285 620 2347 quam
652 2267 866 2330 amissionem
892 2287 1001 2329 rerum
1034 2286 1135 2347 quam
1158 2267 1280 2330 talibus
1303 2263 1393 2351 (sic)
1419 2269 1654 2347 ponderemus,

205 2375 285 2452 quia
309 2380 422 2433 tamen
454 2382 615 2450 superest,
647 2383 684 2436 ut
714 2374 794 2454 quid
827 2378 869 2437 sit
900 2374 1088 2438 laciendum
1120 2374 1291 2437 intendere
1323 2375 1516 2452 debeamus,
1547 2379 1653 2438 visum

206 2487 257 2540 est
280 2480 381 2542 nobis
404 2488 438 2542 et
462 2487 577 2542 nostro
603 2481 754 2558 consilio,
778 2491 811 2544 et
835 2483 900 2544 hoc
924 2485 1070 2563 petimus
1093 2491 1127 2544 et
1151 2481 1356 2558 mandamus,
1389 2491 1434 2557 ut,
1457 2485 1485 2545 si
1509 2482 1653 2544 breviter

206 2590 384 2663 pecuniam
409 2606 610 2667 recuperare
634 2591 775 2668 potestis
798 2599 832 2652 et
856 2591 1007 2654 creditise
1030 2608 1105 2651 eam
1129 2607 1228 2667 posse
1245 2607 1361 2651 secure
1386 2588 1513 2651 deferre
1538 2589 1580 2650 ad
1606 2589 1651 2651 le·

206 2703 329 2775 gatum,
360 2694 426 2756 hoc
450 2698 559 2776 ipsum
591 2693 702 2757 lacere
733 2701 916 2772 maturetis,
952 2697 1116 2759 sitamen
1148 2695 1259 2758 adhuc
1292 2695 1436 2777 legatum
1469 2715 1528 2758 vos
1552 2715 1652 2776 posse

206 2803 343 2864 creditis
375 2804 408 2864 in
440 2803 590 2882 partibus
615 2802 789 2866 Alamanie
822 2807 977 2883 reperire.
1017 2803 1061 2865 Et
1092 2805 1214 2878 sciatis,
1249 2802 1341 2883 quod
1377 2802 1584 2866 obtinuimus
1608 2804 1651 2863 ab

206 2912 323 2971 amicis
348 2914 479 2986 nostris,
504 2911 630 2972 civibus
653 2911 854 2992 quibusdam
878 2911 922 2974 de
946 2911 1059 2993 Praga,
1083 2914 1141 2992 qui
1166 2911 1292 2973 litteras
1316 2910 1464 2991 dirigunt
1487 2909 1531 2972 ad
1554 2929 1651 2992 quos·

206 3017 283 3077 dam
314 3020 404 3079 cives
436 3019 479 3080 de
503 3012 741 3099 Ra(tispona),‘¹
763 3027 800 3080 ut
823 3020 866 3080 ab
890 3023 946 3096 eis,
978 3022 1006 3080 si
1030 3018 1148 3098 placet,
1178 3037 1241 3095 pro
1265 3019 1434 3095 expensis,
1470 3021 1564 3096 equis
1599 3017 1651 3080 vel

204 3123 421 3203 subplecione
446 3129 595 3205 pecunie,
629 3129 657 3189 si
681 3126 723 3188 ad
749 3125 883 3206 plenum
915 3146 990 3189 eam
1014 3145 1080 3188 non
1106 3124 1391 3203 recuperaveritis,
1415 3123 1458 3185 ad
1482 3143 1646 3186 summam

205 3234 356 3307 pecunie,
387 3251 453 3314 qua
485 3233 686 3314 indigebitis,
722 3243 874 3296 mutuum
907 3233 1121 3297 contrahetis.
1145 3230 1182 3294 Si
1205 3251 1284 3294 vero
1309 3230 1412 3292 scitise
1437 3231 1582 3312 legatum
1606 3233 1648 3292 ad

205 3341 331 3400 curiam
357 3338 545 3402 Romanam
569 3343 757 3416 recessisse,
793 3361 855 3403 nec
879 3341 922 3403 ad
946 3343 1074 3403 curiam
1098 3339 1284 3401 Romanam
1321 3339 1475 3400 laborare
1500 3341 1652 3416 potestis,

204 3445 253 3506 vel
279 3449 458 3524 pecuniam
490 3447 682 3510 huiusmodi
714 3467 781 3511 non
805 3451 949 3526 speratis
983 3466 1042 3510 vos
1066 3447 1110 3508 ad
1135 3465 1213 3508 eum
1245 3463 1345 3524 posse
1369 3463 1486 3507 secure
1511 3441 1652 3520 deferre,

205 3553 347 3615 eandem
372 3557 405 3616 in
430 3549 638 3635 Ratispona,f
663 3556 721 3618 ubi
749 3559 951 3618 conveniens
978 3552 1086 3631 fuerit,
1109 3562 1224 3615 nostro
1242 3561 1275 3614 et
1291 3551 1431 3614 ecclesie
1455 3559 1567 3615 nostre
1590 3571 1650 3614 no·

204 3662 293 3723 mine
318 3663 381 3722 sub
406 3669 516 3723 vestro
542 3671 576 3723 et
599 3663 672 3724 aliis
696 3661 808 3744 sigillis
833 3665 1009 3725 autenticis
1033 3660 1221 3740 deponatis.
1253 3657 1324 3721 Aut
1347 3662 1375 3721 si
1399 3658 1501 3721 nichil
1526 3658 1569 3721 de
1594 3679 1649 3738 pe·

204 3771 301 3831 cunia
328 3769 458 3848 perdita
491 3779 525 3830 et
549 3767 621 3832 aliis
645 3772 798 3850 poteritis
830 3770 1002 3842 rehabere,
1036 3770 1238 3849 accipientes
1262 3777 1414 3830 mutuum
1445 3768 1508 3830 sub
1532 3771 1648 3846 usuriS,

203 3886 367 3955 quantum
403 3876 610 3958 indigueritis
641 3896 702 3955 pro
725 3879 884 3955 expensis
915 3884 973 3938 aut
1003 3896 1063 3954 pro
1088 3879 1193 3958 equis,
1228 3885 1265 3938 ut
1288 3883 1508 3954 conpetenter
1538 3875 1648 3937 redire

204 3983 347 4060 possitis,
372 3981 415 4044 ad
440 4003 503 4045 nos
519 3983 627 4046 redire
651 3987 782 4047 curetis.
807 3981 963 4047 Ceterum
981 3987 1139 4048 nuncium
1164 3993 1198 4045 et
1221 3989 1473 4062 procuratorem
1498 3992 1647 4044 nostrum

201 4086 433 4170 Jo(hannem)⁸
455 4091 679 4153 exhibitorem
712 4093 931 4170 presencium,
955 4092 1041 4153 sicut
1065 4095 1244 4170 potuimus,
1276 4089 1406 4167 plenius
1430 4087 1645 4151 informatum

203 4197 377 4278 dirigimus
412 4217 489 4259 curn
514 4197 632 4260 litteris
655 4208 724 4259 tam
749 4199 792 4260 ad
817 4199 942 4260 curiam
967 4197 1076 4279 legati,
1108 4197 1134 4260 si
1158 4205 1209 4258 est
1233 4199 1265 4258 in
1289 4194 1454 4270 Almania,
1478 4214 1578 4275 quam
1603 4197 1646 4258 ad

203 4303 400 4382 Romanam,
424 4305 450 4365 si
475 4305 518 4367 ad
536 4324 611 4366 eam
635 4304 677 4367 de
694 4303 850 4367 Almania
874 4312 926 4367 est
942 4323 1120 4386 regressus,
1143 4313 1177 4365 et
1200 4303 1389 4381 specialiter
1413 4302 1454 4364 ad
1473 4303 1646 4365 dominum

203 4410 385 4489 palatinum
409 4419 443 4474 et
467 4412 510 4474 ad
535 4411 817 4492 Ratisponensem
849 4413 1047 4492 episcopum
1071 4419 1105 4474 et
1128 4410 1171 4472 ad
1196 4429 1308 4493 regem
1332 4410 1561 4473 Romanorum
1585 4429 1646 4490 pro

203 4513 491 4597 recuperacione,¹²
520 4523 547 4582 si
578 4528 691 4599 potest
725 4520 805 4596 fieri,
841 4521 1049 4582 amissorum.
1092 4518 1190 4581 Unde
1221 4517 1248 4578 si
1279 4536 1338 4578 vos
1369 4517 1411 4580 ad
1443 4537 1506 4579 nos
1537 4519 1645 4580 redire

201 4635 344 4706 oportet,
369 4625 513 4688 eundem
538 4621 715 4704 nuncium,i
743 4645 802 4688 seu
826 4626 868 4688 ad
894 4627 1018 4689 curiam
1043 4627 1142 4708 legati
1167 4625 1349 4687 mittendus
1373 4627 1416 4688 sit
1439 4645 1498 4687 seu
1523 4624 1644 4686 Roma-

307 4837 334 4874 a=
355 4819 502 4883 ,Tnomas‘
522 4819 641 4890 Kap.J.,
666 4819 728 4881 ,Th¹
750 4819 805 4872 Mn.
826 4847 859 4857 -
887 4817 916 4886 b)
944 4818 1003 4876 ,Ra‘
1031 4817 1137 4886 Kap.J,
1167 4817 1329 4884 ,Rapotoni¹
1350 4816 1405 4870 Mn.
1430 4845 1462 4854 -
1489 4815 1515 4886 c)
1542 4817 1644 4882 ,credi-

202 4913 286 4966 deris¹
305 4912 354 4974 In,
374 4909 508 4968 ‚creditis¹
527 4909 642 4964 ostatni.
663 4938 695 4947 —
715 4907 746 4977 d)
765 4907 826 4972 ,Ra‘
845 4907 894 4968 ln..
915 4907 1093 4974 ,Ratispona⁸
1112 4907 1227 4960 ostatnl.
1243 4935 1270 4942 -
1286 4908 1313 4971 e)
1334 4906 1388 4969 ,vel
1409 4921 1466 4975 que
1485 4907 1573 4959 scitis·
1592 4905 1642 4963 ln..

200 5001 297 5065 ,scitis‘
309 5001 367 5053 oba
380 4998 452 5066 Kap.
476 5027 504 5037 -
525 4997 547 5066 f)
559 4998 753 5066 ‚Ratisponae‘
767 4996 838 5065 Kap.
852 4996 874 5064 J.
895 5025 928 5034 -
948 4997 976 5065 g)
991 4995 1168 5064 ,Johannem‘
1184 4995 1248 5056 Mn..
1261 4994 1340 5064 ,Joh'
1360 4995 1432 5062 Kap.
1443 4994 1466 5062 J.
1487 5023 1519 5032 -
1540 4997 1570 5060 h)
1584 5010 1644 5063 ,per

201 5089 463 5158 recuperacionem‘
482 5087 521 5141 ln.
540 5088 550 5141 i
570 5087 635 5151 Mn,
654 5103 716 5156 ,pro
735 5093 801 5139 rec‘
820 5087 877 5140 oba
894 5085 967 5154 Kap.
989 5113 1019 5123 -
1039 5083 1059 5154 i)
1078 5099 1155 5148 ,curn
1180 5085 1274 5138 littera
1294 5091 1390 5137 vestra
1408 5084 1502 5137 tocius
1522 5082 1643 5138 formam

202 5181 311 5248 negocii
331 5178 499 5232 continente
518 5177 701 5248 quamtocius
720 5176 882 5230 remittatis‘
897 5173 999 5228 temito
1018 5174 1101 5244 slovy
1119 5190 1137 5226 v
1156 5173 1212 5228 Mn.
1232 5175 1380 5228 zakonden
1399 5173 1445 5225 list
1464 5173 1641 5242 nedopsany.

202 5269 285 5323 Slova
305 5277 334 5321 ta
352 5268 418 5338 jsou
438 5268 528 5336 psana
546 5268 626 5335 jinou
641 5267 735 5320 rukou
755 5282 772 5319 a
791 5281 827 5318 na
847 5263 955 5318 rasuie.

1500 5365 1534 5420 22
