<?xml version="1.0" encoding="UTF-8"?>
<!DOCTYPE html PUBLIC "-//W3C//DTD XHTML 1.0 Transitional//EN"
    "http://www.w3.org/TR/xhtml1/DTD/xhtml1-transitional.dtd">
<html xmlns="http://www.w3.org/1999/xhtml" xml:lang="en" lang="en">
 <head>
  <title>
</title>
<meta http-equiv="Content-Type" content="text/html;charset=utf-8" />
  <meta name='ocr-system' content='tesseract 3.04.00' />
  <meta name='ocr-capabilities' content='ocr_page ocr_carea ocr_par ocr_line ocrx_word'/>
</head>
<body>
  <div class='ocr_page' id='page_1' title='image "./formulbiskupato00novgoog_0148.png"; bbox 0 0 3968 5848; ppageno 0'>
   <div class='ocr_carea' id='block_1_1' title="bbox 1007 290 1059 340">
    <p class='ocr_par' dir='ltr' id='par_1_1' title="bbox 1007 290 1059 340">
     <span class='ocr_line' id='line_1_1' title="bbox 1007 290 1059 340; baseline 0 -1"><span class='ocrx_word' id='word_1_1' title='bbox 1007 290 1059 340; x_wconf 89' lang='grc'>106</span> 
     </span>
    </p>
   </div>
   <div class='ocr_carea' id='block_1_2' title="bbox 311 499 1763 1870">
    <p class='ocr_par' dir='ltr' id='par_1_2' title="bbox 311 499 1763 1870">
     <span class='ocr_line' id='line_1_2' title="bbox 311 499 1759 588; baseline 0.001 -24"><span class='ocrx_word' id='word_1_2' title='bbox 311 505 420 567; x_wconf 89' lang='lat' dir='ltr'>ordini</span> <span class='ocrx_word' id='word_1_3' title='bbox 444 505 637 584; x_wconf 81' lang='lat' dir='ltr'>supradicto</span> <span class='ocrx_word' id='word_1_4' title='bbox 662 505 772 567; x_wconf 92' lang='lat' dir='ltr'>locum</span> <span class='ocrx_word' id='word_1_5' title='bbox 797 506 898 581; x_wconf 89' lang='lat' dir='ltr'>illum,</span> <span class='ocrx_word' id='word_1_6' title='bbox 921 509 954 570; x_wconf 92' lang='lat' dir='ltr'>in</span> <span class='ocrx_word' id='word_1_7' title='bbox 978 525 1045 588; x_wconf 94' lang='lat' dir='ltr'>quo</span> <span class='ocrx_word' id='word_1_8' title='bbox 1070 507 1134 584; x_wconf 89' lang='lat' dir='ltr'>ipsi</span> <span class='ocrx_word' id='word_1_9' title='bbox 1156 525 1193 568; x_wconf 90' lang='lat' dir='ltr'>se</span> <span class='ocrx_word' id='word_1_10' title='bbox 1217 504 1488 568; x_wconf 80' lang='lat' dir='ltr'>collocaverunt²</span> <span class='ocrx_word' id='word_1_11' title='bbox 1511 514 1545 567; x_wconf 93' lang='lat' dir='ltr'>et</span> <span class='ocrx_word' id='word_1_12' title='bbox 1569 499 1759 567; x_wconf 84' lang='lat' dir='ltr'>collocantb</span> 
     </span>
     <span class='ocr_line' id='line_1_3' title="bbox 311 610 1760 695; baseline -0.001 -21"><span class='ocrx_word' id='word_1_13' title='bbox 311 610 395 674; x_wconf 89' lang='lat' dir='ltr'>inlra</span> <span class='ocrx_word' id='word_1_14' title='bbox 430 632 543 674; x_wconf 92' lang='lat' dir='ltr'>muros</span> <span class='ocrx_word' id='word_1_15' title='bbox 577 612 684 674; x_wconf 79' lang='lat' dir='ltr'>Tustc</span> <span class='ocrx_word' id='word_1_16' title='bbox 708 613 801 692; x_wconf 92' lang='lat' dir='ltr'>opidi</span> <span class='ocrx_word' id='word_1_17' title='bbox 837 613 979 678; x_wconf 87' lang='lat' dir='ltr'>lorensis</span> <span class='ocrx_word' id='word_1_18' title='bbox 1014 612 1166 676; x_wconf 91' lang='lat' dir='ltr'>eiusdem</span> <span class='ocrx_word' id='word_1_19' title='bbox 1201 613 1327 674; x_wconf 92' lang='lat' dir='ltr'>domini</span> <span class='ocrx_word' id='word_1_20' title='bbox 1362 615 1466 676; x_wconf 87' lang='lat' dir='ltr'><strong>nostri</strong></span> <span class='ocrx_word' id='word_1_21' title='bbox 1499 615 1592 695; x_wconf 88' lang='lat' dir='ltr'>regis,</span> <span class='ocrx_word' id='word_1_22' title='bbox 1625 613 1760 690; x_wconf 89' lang='lat' dir='ltr'>pietatis</span> 
     </span>
     <span class='ocr_line' id='line_1_4' title="bbox 311 719 1759 802; baseline 0.001 -24"><span class='ocrx_word' id='word_1_23' title='bbox 311 719 432 781; x_wconf 91' lang='lat' dir='ltr'>intuitu</span> <span class='ocrx_word' id='word_1_24' title='bbox 456 738 496 780; x_wconf 93' lang='lat' dir='ltr'>ac</span> <span class='ocrx_word' id='word_1_25' title='bbox 521 739 582 798; x_wconf 89' lang='lat' dir='ltr'>pro</span> <span class='ocrx_word' id='word_1_26' title='bbox 603 738 739 782; x_wconf 88' lang='lat' dir='ltr'>suorum</span> <span class='ocrx_word' id='word_1_27' title='bbox 759 723 1012 802; x_wconf 90' lang='lat' dir='ltr'>progenitorum</span> <span class='ocrx_word' id='word_1_28' title='bbox 1033 730 1066 782; x_wconf 94' lang='lat' dir='ltr'>et</span> <span class='ocrx_word' id='word_1_29' title='bbox 1085 740 1147 782; x_wconf 91' lang='lat' dir='ltr'>suo</span> <span class='ocrx_word' id='word_1_30' title='bbox 1168 739 1298 783; x_wconf 87' lang='lat' dir='ltr'>necnon</span> <span class='ocrx_word' id='word_1_31' title='bbox 1319 721 1598 784; x_wconf 81' lang='lat' dir='ltr'>excellentissime</span> <span class='ocrx_word' id='word_1_32' title='bbox 1622 721 1759 782; x_wconf 91' lang='lat' dir='ltr'>domine</span> 
     </span>
     <span class='ocr_line' id='line_1_5' title="bbox 312 822 1760 910; baseline 0 -23"><span class='ocrx_word' id='word_1_33' title='bbox 312 823 427 906; x_wconf 77' lang='lat' dir='ltr'>Glute)</span> <span class='ocrx_word' id='word_1_34' title='bbox 459 827 609 906; x_wconf 92' lang='lat' dir='ltr'>coniugis</span> <span class='ocrx_word' id='word_1_35' title='bbox 641 846 708 904; x_wconf 86' lang='lat' dir='ltr'>sue,</span> <span class='ocrx_word' id='word_1_36' title='bbox 733 822 869 910; x_wconf 75' lang='lat' dir='ltr'>regined</span> <span class='ocrx_word' id='word_1_37' title='bbox 908 829 1044 890; x_wconf 90' lang='lat' dir='ltr'>Boemie</span> <span class='ocrx_word' id='word_1_38' title='bbox 1076 838 1109 890; x_wconf 87' lang='lat' dir='ltr'>et</span> <span class='ocrx_word' id='word_1_39' title='bbox 1141 828 1384 892; x_wconf 86' lang='lat' dir='ltr'>marchionissc</span> <span class='ocrx_word' id='word_1_40' title='bbox 1416 827 1575 904; x_wconf 88' lang='lat' dir='ltr'>Moravie,</span> <span class='ocrx_word' id='word_1_41' title='bbox 1608 828 1760 888; x_wconf 90' lang='lat' dir='ltr'>remedio</span> 
     </span>
     <span class='ocr_line' id='line_1_6' title="bbox 312 935 1760 1016; baseline 0.001 -23"><span class='ocrx_word' id='word_1_42' title='bbox 312 941 536 1009; x_wconf 88' lang='lat' dir='ltr'>peccatorum,</span> <span class='ocrx_word' id='word_1_43' title='bbox 561 943 596 994; x_wconf 96' lang='lat' dir='ltr'>ut</span> <span class='ocrx_word' id='word_1_44' title='bbox 627 935 753 995; x_wconf 86' lang='lat' dir='ltr'>ibidem</span> <span class='ocrx_word' id='word_1_45' title='bbox 785 935 828 996; x_wconf 90' lang='lat' dir='ltr'>ad</span> <span class='ocrx_word' id='word_1_46' title='bbox 862 935 1025 998; x_wconf 88' lang='lat' dir='ltr'>honorem</span> <span class='ocrx_word' id='word_1_47' title='bbox 1056 936 1296 1016; x_wconf 90' lang='lat' dir='ltr'>omnipotentis</span> <span class='ocrx_word' id='word_1_48' title='bbox 1328 936 1381 998; x_wconf 92' lang='lat' dir='ltr'>dei</span> <span class='ocrx_word' id='word_1_49' title='bbox 1406 943 1439 997; x_wconf 89' lang='lat' dir='ltr'>et</span> <span class='ocrx_word' id='word_1_50' title='bbox 1463 945 1655 997; x_wconf 89' lang='lat' dir='ltr'>sanctorum</span> <span class='ocrx_word' id='word_1_51' title='bbox 1688 935 1760 995; x_wconf 90' lang='lat' dir='ltr'>eius</span> 
     </span>
     <span class='ocr_line' id='line_1_7' title="bbox 312 1039 1761 1125; baseline 0 -25"><span class='ocrx_word' id='word_1_52' title='bbox 312 1039 466 1122; x_wconf 86' lang='lat' dir='ltr'>religiosa</span> <span class='ocrx_word' id='word_1_53' title='bbox 498 1040 620 1102; x_wconf 92' lang='lat' dir='ltr'>domus</span> <span class='ocrx_word' id='word_1_54' title='bbox 650 1050 685 1102; x_wconf 90' lang='lat' dir='ltr'>et</span> <span class='ocrx_word' id='word_1_55' title='bbox 716 1042 857 1104; x_wconf 88' lang='lat' dir='ltr'>ecclesia</span> <span class='ocrx_word' id='word_1_56' title='bbox 890 1051 1112 1118; x_wconf 86' lang='lat' dir='ltr'>construatur,</span> <span class='ocrx_word' id='word_1_57' title='bbox 1138 1045 1339 1104; x_wconf 86' lang='lat' dir='ltr'>auctoritate</span> <span class='ocrx_word' id='word_1_58' title='bbox 1371 1062 1437 1123; x_wconf 88' lang='lat' dir='ltr'>qua</span> <span class='ocrx_word' id='word_1_59' title='bbox 1469 1039 1634 1125; x_wconf 87' lang='lat' dir='ltr'>fungimur</span> <span class='ocrx_word' id='word_1_60' title='bbox 1666 1040 1761 1102; x_wconf 91' lang='lat' dir='ltr'>salvo</span> 
     </span>
     <span class='ocr_line' id='line_1_8' title="bbox 312 1147 1762 1228; baseline 0.001 -22"><span class='ocrx_word' id='word_1_61' title='bbox 312 1148 382 1207; x_wconf 86' lang='lat' dir='ltr'>iure</span> <span class='ocrx_word' id='word_1_62' title='bbox 415 1147 614 1226; x_wconf 88' lang='lat' dir='ltr'>parochialis</span> <span class='ocrx_word' id='word_1_63' title='bbox 645 1149 784 1210; x_wconf 90' lang='lat' dir='ltr'>ecclesie</span> <span class='ocrx_word' id='word_1_64' title='bbox 818 1150 912 1228; x_wconf 90' lang='lat' dir='ltr'>opidi</span> <span class='ocrx_word' id='word_1_65' title='bbox 944 1149 1127 1228; x_wconf 87' lang='lat' dir='ltr'>supradicti</span> <span class='ocrx_word' id='word_1_66' title='bbox 1157 1169 1201 1211; x_wconf 91' lang='lat' dir='ltr'>ex</span> <span class='ocrx_word' id='word_1_67' title='bbox 1226 1159 1316 1211; x_wconf 90' lang='lat' dir='ltr'>certa</span> <span class='ocrx_word' id='word_1_68' title='bbox 1348 1149 1492 1211; x_wconf 86' lang='lat' dir='ltr'>sciencia</span> <span class='ocrx_word' id='word_1_69' title='bbox 1524 1148 1762 1210; x_wconf 89' lang='lat' dir='ltr'>confirmamus</span> 
     </span>
     <span class='ocr_line' id='line_1_9' title="bbox 312 1255 1760 1338; baseline 0.001 -26"><span class='ocrx_word' id='word_1_70' title='bbox 312 1261 346 1314; x_wconf 91' lang='lat' dir='ltr'>et</span> <span class='ocrx_word' id='word_1_71' title='bbox 370 1255 533 1331; x_wconf 91' lang='lat' dir='ltr'>presentis</span> <span class='ocrx_word' id='word_1_72' title='bbox 565 1257 680 1333; x_wconf 90' lang='lat' dir='ltr'>scripti</span> <span class='ocrx_word' id='word_1_73' title='bbox 712 1257 897 1332; x_wconf 90' lang='lat' dir='ltr'>patrocinio</span> <span class='ocrx_word' id='word_1_74' title='bbox 926 1258 1179 1319; x_wconf 92' lang='lat' dir='ltr'>communimus.</span> <span class='ocrx_word' id='word_1_75' title='bbox 1207 1255 1294 1319; x_wconf 94' lang='lat' dir='ltr'>Nulli</span> <span class='ocrx_word' id='word_1_76' title='bbox 1319 1277 1399 1338; x_wconf 87' lang='lat' dir='ltr'>ergo</span> <span class='ocrx_word' id='word_1_77' title='bbox 1424 1259 1561 1318; x_wconf 91' lang='lat' dir='ltr'>omnino</span> <span class='ocrx_word' id='word_1_78' title='bbox 1587 1255 1760 1316; x_wconf 90' lang='lat' dir='ltr'>hominum</span> 
     </span>
     <span class='ocr_line' id='line_1_10' title="bbox 314 1359 1763 1446; baseline 0.001 -26"><span class='ocrx_word' id='word_1_79' title='bbox 314 1359 410 1422; x_wconf 89' lang='lat' dir='ltr'>liceat</span> <span class='ocrx_word' id='word_1_80' title='bbox 435 1360 520 1423; x_wconf 89' lang='lat' dir='ltr'>hanc</span> <span class='ocrx_word' id='word_1_81' title='bbox 545 1373 658 1424; x_wconf 88' lang='lat' dir='ltr'>nostre</span> <span class='ocrx_word' id='word_1_82' title='bbox 683 1363 952 1426; x_wconf 90' lang='lat' dir='ltr'>confirmacionis</span> <span class='ocrx_word' id='word_1_83' title='bbox 971 1368 1127 1445; x_wconf 85' lang='lat' dir='ltr'>paginam</span> <span class='ocrx_word' id='word_1_84' title='bbox 1147 1362 1324 1446; x_wconf 82' lang='lat' dir='ltr'>infringere</span> <span class='ocrx_word' id='word_1_85' title='bbox 1345 1373 1402 1426; x_wconf 91' lang='lat' dir='ltr'>aut</span> <span class='ocrx_word' id='word_1_86' title='bbox 1422 1364 1450 1424; x_wconf 92' lang='lat' dir='ltr'>ei</span> <span class='ocrx_word' id='word_1_87' title='bbox 1473 1382 1557 1424; x_wconf 90' lang='lat' dir='ltr'>ausu</span> <span class='ocrx_word' id='word_1_88' title='bbox 1581 1363 1763 1424; x_wconf 89' lang='lat' dir='ltr'>temerario</span> 
     </span>
     <span class='ocr_line' id='line_1_11' title="bbox 314 1465 1762 1550; baseline 0.001 -23"><span class='ocrx_word' id='word_1_89' title='bbox 314 1471 488 1530; x_wconf 87' lang='lat' dir='ltr'>contraire.</span> <span class='ocrx_word' id='word_1_90' title='bbox 509 1465 542 1529; x_wconf 91' lang='lat' dir='ltr'>Si</span> <span class='ocrx_word' id='word_1_91' title='bbox 559 1470 633 1549; x_wconf 92' lang='lat' dir='ltr'>quis</span> <span class='ocrx_word' id='word_1_92' title='bbox 654 1479 766 1532; x_wconf 88' lang='lat' dir='ltr'>autem</span> <span class='ocrx_word' id='word_1_93' title='bbox 787 1473 990 1533; x_wconf 88' lang='lat' dir='ltr'>contrarium</span> <span class='ocrx_word' id='word_1_94' title='bbox 1011 1481 1209 1549; x_wconf 86' lang='lat' dir='ltr'>attemptare</span> <span class='ocrx_word' id='word_1_95' title='bbox 1226 1473 1473 1549; x_wconf 84' lang='lat' dir='ltr'>presumpserit,</span> <span class='ocrx_word' id='word_1_96' title='bbox 1490 1469 1762 1550; x_wconf 87' lang='lat' dir='ltr'>indignacionem</span> 
     </span>
     <span class='ocr_line' id='line_1_12' title="bbox 314 1575 1763 1659; baseline -0.001 -24"><span class='ocrx_word' id='word_1_97' title='bbox 314 1578 552 1652; x_wconf 88' lang='lat' dir='ltr'>omnipotentis</span> <span class='ocrx_word' id='word_1_98' title='bbox 576 1577 630 1638; x_wconf 88' lang='lat' dir='ltr'>dei</span> <span class='ocrx_word' id='word_1_99' title='bbox 655 1587 687 1638; x_wconf 89' lang='lat' dir='ltr'>et</span> <span class='ocrx_word' id='word_1_100' title='bbox 711 1586 902 1640; x_wconf 87' lang='lat' dir='ltr'>sanctorum</span> <span class='ocrx_word' id='word_1_101' title='bbox 920 1585 933 1613; x_wconf 53' lang='grc' dir='ltr'>θ</span> <span class='ocrx_word' id='word_1_102' title='bbox 948 1580 1019 1640; x_wconf 90' lang='lat' dir='ltr'>eius</span> <span class='ocrx_word' id='word_1_103' title='bbox 1044 1587 1261 1656; x_wconf 89' lang='lat' dir='ltr'>patronorum</span> <span class='ocrx_word' id='word_1_104' title='bbox 1285 1591 1399 1639; x_wconf 90' lang='lat' dir='ltr'>nostre</span> <span class='ocrx_word' id='word_1_105' title='bbox 1420 1576 1596 1659; x_wconf 87' lang='lat' dir='ltr'>Pragensis</span> <span class='ocrx_word' id='word_1_106' title='bbox 1620 1575 1763 1637; x_wconf 88' lang='lat' dir='ltr'>ecclesie</span> 
     </span>
     <span class='ocr_line' id='line_1_13' title="bbox 313 1679 1760 1758; baseline -0.001 -15"><span class='ocrx_word' id='word_1_107' title='bbox 313 1683 386 1758; x_wconf 92' lang='lat' dir='ltr'>ipso</span> <span class='ocrx_word' id='word_1_108' title='bbox 418 1680 507 1744; x_wconf 89' lang='lat' dir='ltr'>lacto</span> <span class='ocrx_word' id='word_1_109' title='bbox 532 1702 568 1744; x_wconf 92' lang='lat' dir='ltr'>se</span> <span class='ocrx_word' id='word_1_110' title='bbox 593 1685 718 1746; x_wconf 88' lang='lat' dir='ltr'>noverit</span> <span class='ocrx_word' id='word_1_111' title='bbox 750 1687 967 1747; x_wconf 90' lang='lat' dir='ltr'>incursurum.</span> <span class='ocrx_word' id='word_1_112' title='bbox 1017 1685 1052 1748; x_wconf 95' lang='lat' dir='ltr'>ln</span> <span class='ocrx_word' id='word_1_113' title='bbox 1084 1687 1179 1747; x_wconf 91' lang='lat' dir='ltr'>cuius</span> <span class='ocrx_word' id='word_1_114' title='bbox 1212 1679 1278 1745; x_wconf 77' lang='lat' dir='ltr'>reis</span> <span class='ocrx_word' id='word_1_115' title='bbox 1312 1695 1374 1746; x_wconf 91' lang='lat' dir='ltr'>etc.</span> <span class='ocrx_word' id='word_1_116' title='bbox 1422 1683 1545 1746; x_wconf 91' lang='lat' dir='ltr'>Actum</span> <span class='ocrx_word' id='word_1_117' title='bbox 1577 1693 1610 1744; x_wconf 91' lang='lat' dir='ltr'>et</span> <span class='ocrx_word' id='word_1_118' title='bbox 1643 1683 1760 1744; x_wconf 90' lang='lat' dir='ltr'>datum</span> 
     </span>
     <span class='ocr_line' id='line_1_14' title="bbox 315 1788 505 1870; baseline 0.011 -22"><span class='ocrx_word' id='word_1_119' title='bbox 315 1788 419 1870; x_wconf 87' lang='lat' dir='ltr'>Prage</span> <span class='ocrx_word' id='word_1_120' title='bbox 443 1801 505 1850; x_wconf 89' lang='lat' dir='ltr'>etc.</span> 
     </span>
    </p>
   </div>
   <div class='ocr_carea' id='block_1_3' title="bbox 315 1962 1762 2122">
    <p class='ocr_par' dir='ltr' id='par_1_3' title="bbox 315 1962 1762 2122">
     <span class='ocr_line' id='line_1_15' title="bbox 422 1962 1762 2035; baseline -0.001 -20"><span class='ocrx_word' id='word_1_121' title='bbox 422 1962 482 2016; x_wconf 83' lang='lat' dir='ltr'>Fol.</span> <span class='ocrx_word' id='word_1_122' title='bbox 503 1967 536 2016; x_wconf 88' lang='lat'>19</span> <span class='ocrx_word' id='word_1_123' title='bbox 555 1963 578 2016; x_wconf 75' lang='grc' dir='ltr'>ἐ.</span> <span class='ocrx_word' id='word_1_124' title='bbox 600 1968 659 2026; x_wconf 85' lang='grc'><strong>132,</strong></span> <span class='ocrx_word' id='word_1_125' title='bbox 679 1965 724 2018; x_wconf 75' lang='lat' dir='ltr'>tel</span> <span class='ocrx_word' id='word_1_126' title='bbox 744 1981 761 2017; x_wconf 95' lang='lat' dir='ltr'>v</span> <span class='ocrx_word' id='word_1_127' title='bbox 778 1967 821 2018; x_wconf 90' lang='lat' dir='ltr'>rlr.</span> <span class='ocrx_word' id='word_1_128' title='bbox 837 1965 968 2034; x_wconf 80' lang='lat' dir='ltr'>kapituly</span> <span class='ocrx_word' id='word_1_129' title='bbox 982 1965 1104 2018; x_wconf 74' lang='lat' dir='ltr'>Pralske</span> <span class='ocrx_word' id='word_1_130' title='bbox 1118 1966 1132 2035; x_wconf 88' lang='lat' dir='ltr'>J</span> <span class='ocrx_word' id='word_1_131' title='bbox 1146 1963 1193 2017; x_wconf 73' lang='lat' dir='ltr'>⁴0b</span> <span class='ocrx_word' id='word_1_132' title='bbox 1213 1965 1260 2020; x_wconf 87' lang='lat' dir='ltr'>lol.</span> <span class='ocrx_word' id='word_1_133' title='bbox 1279 1969 1339 2019; x_wconf 86' lang='lat'><strong>239.</strong></span> <span class='ocrx_word' id='word_1_134' title='bbox 1360 1963 1520 2034; x_wconf 81' lang='lat' dir='ltr'>Originalni</span> <span class='ocrx_word' id='word_1_135' title='bbox 1538 1971 1602 2018; x_wconf 86' lang='lat' dir='ltr'>text</span> <span class='ocrx_word' id='word_1_136' title='bbox 1622 1963 1762 2016; x_wconf 83' lang='lat' dir='ltr'>zachoval</span> 
     </span>
     <span class='ocr_line' id='line_1_16' title="bbox 315 2049 1761 2122; baseline 0.001 -20"><span class='ocrx_word' id='word_1_137' title='bbox 315 2065 384 2102; x_wconf 90' lang='lat' dir='ltr'>sev</span> <span class='ocrx_word' id='word_1_138' title='bbox 404 2052 522 2104; x_wconf 80' lang='lat' dir='ltr'>lrodexu</span> <span class='ocrx_word' id='word_1_139' title='bbox 549 2068 590 2104; x_wconf 89' lang='lat' dir='ltr'>sv.</span> <span class='ocrx_word' id='word_1_140' title='bbox 611 2052 801 2106; x_wconf 70' lang='lat' dir='ltr'>Tomdssktm</span> <span class='ocrx_word' id='word_1_141' title='bbox 827 2052 844 2107; x_wconf 87' lang='lat' dir='ltr'>l.</span> <span class='ocrx_word' id='word_1_142' title='bbox 865 2061 881 2107; x_wconf 86' lang='lat'>2</span> <span class='ocrx_word' id='word_1_143' title='bbox 901 2053 1009 2118; x_wconf 86' lang='lat' dir='ltr'>(Emler</span> <span class='ocrx_word' id='word_1_144' title='bbox 1030 2054 1086 2107; x_wconf 88' lang='lat' dir='ltr'>RB.</span> <span class='ocrx_word' id='word_1_145' title='bbox 1099 2055 1122 2108; x_wconf 96' lang='lat' dir='ltr'>ll</span> <span class='ocrx_word' id='word_1_146' title='bbox 1142 2055 1166 2108; x_wconf 77' lang='grc' dir='ltr'>ὅ.</span> <span class='ocrx_word' id='word_1_147' title='bbox 1187 2059 1265 2114; x_wconf 87' lang='grc'><strong>1432,</strong></span> <span class='ocrx_word' id='word_1_148' title='bbox 1285 2055 1368 2122; x_wconf 86' lang='lat' dir='ltr'>opisy</span> <span class='ocrx_word' id='word_1_149' title='bbox 1394 2053 1523 2106; x_wconf 74' lang='lat' dir='ltr'>ceskeho</span> <span class='ocrx_word' id='word_1_150' title='bbox 1548 2049 1761 2118; x_wconf 76' lang='lat' dir='ltr'>diplomataie).</span> 
     </span>
    </p>
   </div>
   <div class='ocr_carea' id='block_1_4' title="bbox 1004 2417 1075 2478">
    <p class='ocr_par' dir='ltr' id='par_1_4' title="bbox 1004 2417 1075 2478">
     <span class='ocr_line' id='line_1_17' title="bbox 1004 2417 1075 2478; baseline -0.014 -2"><span class='ocrx_word' id='word_1_151' title='bbox 1004 2417 1075 2478; x_wconf 82' lang='lat'><strong>133.</strong></span> 
     </span>
    </p>
   </div>
   <div class='ocr_carea' id='block_1_5' title="bbox 429 2679 1643 2763">
    <p class='ocr_par' dir='ltr' id='par_1_5' title="bbox 429 2679 1643 2763">
     <span class='ocr_line' id='line_1_18' title="bbox 429 2679 1643 2763; baseline -0.001 -22"><span class='ocrx_word' id='word_1_152' title='bbox 429 2699 496 2741; x_wconf 87' lang='lat' dir='ltr'>moc</span> <span class='ocrx_word' id='word_1_153' title='bbox 518 2681 641 2760; x_wconf 75' lang='lat' dir='ltr'>slydenz&#39;</span> <span class='ocrx_word' id='word_1_154' title='bbox 659 2681 794 2762; x_wconf 69' lang='lat' dir='ltr'>zpovldz&#39;</span> <span class='ocrx_word' id='word_1_155' title='bbox 814 2701 837 2742; x_wconf 78' lang='lat' dir='ltr'>a</span> <span class='ocrx_word' id='word_1_156' title='bbox 860 2679 990 2742; x_wconf 73' lang='lat' dir='ltr'>udllenr&#39;</span> <span class='ocrx_word' id='word_1_157' title='bbox 1016 2681 1203 2742; x_wconf 71' lang='lat' dir='ltr'>roshr&#39;edenz&#39;</span> <span class='ocrx_word' id='word_1_158' title='bbox 1222 2683 1484 2763; x_wconf 70' lang='lat' dir='ltr'>nejmenovanyim</span> <span class='ocrx_word' id='word_1_159' title='bbox 1507 2679 1643 2742; x_wconf 85' lang='lat' dir='ltr'>osoba&#39;m.</span> 
     </span>
    </p>
   </div>
   <div class='ocr_carea' id='block_1_6' title="bbox 741 2830 1652 2920">
    <p class='ocr_par' dir='ltr' id='par_1_6' title="bbox 741 2830 1652 2920">
     <span class='ocr_line' id='line_1_19' title="bbox 741 2830 1652 2920; baseline -0.003 -17"><span class='ocrx_word' id='word_1_160' title='bbox 741 2830 747 2857; x_wconf 88' lang='lat'>¹</span> <span class='ocrx_word' id='word_1_161' title='bbox 1372 2839 1652 2920; x_wconf 69' lang='lat' dir='ltr'>(rm-remi).</span> 
     </span>
    </p>
   </div>
   <div class='ocr_carea' id='block_1_7' title="bbox 407 2999 1672 3189">
    <p class='ocr_par' dir='ltr' id='par_1_7' title="bbox 407 2999 1672 3189">
     <span class='ocr_line' id='line_1_20' title="bbox 407 2999 1672 3080; baseline -0.001 -20"><span class='ocrx_word' id='word_1_162' title='bbox 407 2999 571 3062; x_wconf 86' lang='lat' dir='ltr'>Dominus</span> <span class='ocrx_word' id='word_1_163' title='bbox 595 3003 775 3080; x_wconf 90' lang='lat' dir='ltr'>episcopus</span> <span class='ocrx_word' id='word_1_164' title='bbox 799 3001 932 3062; x_wconf 87' lang='lat' dir='ltr'>cuidam</span> <span class='ocrx_word' id='word_1_165' title='bbox 957 3000 1045 3062; x_wconf 90' lang='lat' dir='ltr'>lratri</span> <span class='ocrx_word' id='word_1_166' title='bbox 1071 3001 1319 3080; x_wconf 89' lang='lat' dir='ltr'>predicatorum</span> <span class='ocrx_word' id='word_1_167' title='bbox 1344 3001 1469 3063; x_wconf 91' lang='lat' dir='ltr'>ordinis</span> <span class='ocrx_word' id='word_1_168' title='bbox 1493 2999 1672 3061; x_wconf 88' lang='lat' dir='ltr'>committit</span> 
     </span>
     <span class='ocr_line' id='line_1_21' title="bbox 744 3108 1329 3189; baseline 0.002 -20"><span class='ocrx_word' id='word_1_169' title='bbox 744 3108 820 3170; x_wconf 92' lang='lat' dir='ltr'>loco</span> <span class='ocrx_word' id='word_1_170' title='bbox 848 3111 897 3170; x_wconf 88' lang='lat' dir='ltr'>sui</span> <span class='ocrx_word' id='word_1_171' title='bbox 923 3109 1128 3187; x_wconf 89' lang='lat' dir='ltr'>penitencias</span> <span class='ocrx_word' id='word_1_172' title='bbox 1151 3110 1329 3189; x_wconf 87' lang='lat' dir='ltr'>iniungere.</span> 
     </span>
    </p>
   </div>
   <div class='ocr_carea' id='block_1_8' title="bbox 316 3264 1763 4098">
    <p class='ocr_par' dir='ltr' id='par_1_8' title="bbox 316 3264 1763 4098">
     <span class='ocr_line' id='line_1_22' title="bbox 423 3264 1763 3351; baseline -0.001 -21"><span class='ocrx_word' id='word_1_173' title='bbox 423 3267 591 3330; x_wconf 68' lang='lat' dir='ltr'>Thobiasss</span> <span class='ocrx_word' id='word_1_174' title='bbox 616 3270 670 3332; x_wconf 92' lang='lat' dir='ltr'>dei</span> <span class='ocrx_word' id='word_1_175' title='bbox 686 3270 797 3351; x_wconf 84' lang='lat' dir='ltr'>gracia</span> <span class='ocrx_word' id='word_1_176' title='bbox 814 3279 876 3332; x_wconf 90' lang='lat' dir='ltr'>etc.</span> <span class='ocrx_word' id='word_1_177' title='bbox 901 3269 1045 3331; x_wconf 90' lang='lat' dir='ltr'>honesto</span> <span class='ocrx_word' id='word_1_178' title='bbox 1070 3279 1103 3330; x_wconf 92' lang='lat' dir='ltr'>et</span> <span class='ocrx_word' id='word_1_179' title='bbox 1127 3269 1281 3350; x_wconf 90' lang='lat' dir='ltr'>religioso</span> <span class='ocrx_word' id='word_1_180' title='bbox 1300 3319 1307 3331; x_wconf 87' lang='lat'><strong>.</strong></span> <span class='ocrx_word' id='word_1_181' title='bbox 1325 3314 1332 3328; x_wconf 94' lang='lat'><strong>.</strong></span> <span class='ocrx_word' id='word_1_182' title='bbox 1349 3264 1462 3332; x_wconf 71' lang='lat' dir='ltr'>vitot.</span> <span class='ocrx_word' id='word_1_183' title='bbox 1490 3318 1495 3329; x_wconf 94' lang='lat'><em>.</em></span> <span class='ocrx_word' id='word_1_184' title='bbox 1521 3267 1609 3330; x_wconf 85' lang='lat' dir='ltr'>fratri</span> <span class='ocrx_word' id='word_1_185' title='bbox 1635 3266 1763 3328; x_wconf 90' lang='lat' dir='ltr'>ordinis</span> 
     </span>
     <span class='ocr_line' id='line_1_23' title="bbox 316 3372 1760 3458; baseline -0.002 -21"><span class='ocrx_word' id='word_1_186' title='bbox 316 3377 563 3456; x_wconf 90' lang='lat' dir='ltr'>predicatorum</span> <span class='ocrx_word' id='word_1_187' title='bbox 594 3381 625 3438; x_wconf 93' lang='lat' dir='ltr'>in</span> <span class='ocrx_word' id='word_1_188' title='bbox 658 3375 764 3458; x_wconf 88' lang='lat' dir='ltr'>Praga</span> <span class='ocrx_word' id='word_1_189' title='bbox 796 3376 920 3438; x_wconf 86' lang='lat' dir='ltr'>domus</span> <span class='ocrx_word' id='word_1_190' title='bbox 950 3377 1056 3437; x_wconf 88' lang='lat' dir='ltr'>sancti</span> <span class='ocrx_word' id='word_1_191' title='bbox 1087 3372 1267 3438; x_wconf 87' lang='lat' dir='ltr'>Clementis</span> <span class='ocrx_word' id='word_1_192' title='bbox 1299 3377 1439 3438; x_wconf 90' lang='lat' dir='ltr'>salutem</span> <span class='ocrx_word' id='word_1_193' title='bbox 1473 3385 1505 3436; x_wconf 91' lang='lat' dir='ltr'>et</span> <span class='ocrx_word' id='word_1_194' title='bbox 1529 3378 1695 3436; x_wconf 89' lang='lat' dir='ltr'>sinceram</span> <span class='ocrx_word' id='word_1_195' title='bbox 1728 3377 1760 3434; x_wconf 93' lang='lat' dir='ltr'>in</span> 
     </span>
     <span class='ocr_line' id='line_1_24' title="bbox 317 3481 1760 3563; baseline -0.002 -19"><span class='ocrx_word' id='word_1_196' title='bbox 317 3483 454 3544; x_wconf 93' lang='lat' dir='ltr'>domino</span> <span class='ocrx_word' id='word_1_197' title='bbox 480 3483 661 3546; x_wconf 86' lang='lat' dir='ltr'>caritatem.</span> <span class='ocrx_word' id='word_1_198' title='bbox 694 3483 745 3545; x_wconf 91' lang='lat' dir='ltr'>De</span> <span class='ocrx_word' id='word_1_199' title='bbox 770 3482 1087 3562; x_wconf 91' lang='lat' dir='ltr'>circumspeccionis</span> <span class='ocrx_word' id='word_1_200' title='bbox 1110 3494 1217 3544; x_wconf 92' lang='lat' dir='ltr'>vestre</span> <span class='ocrx_word' id='word_1_201' title='bbox 1242 3483 1455 3562; x_wconf 88' lang='lat' dir='ltr'>providencia</span> <span class='ocrx_word' id='word_1_202' title='bbox 1479 3494 1634 3563; x_wconf 88' lang='lat' dir='ltr'>gerentes</span> <span class='ocrx_word' id='word_1_203' title='bbox 1658 3481 1760 3543; x_wconf 88' lang='lat' dir='ltr'>confi·</span> 
     </span>
     <span class='ocr_line' id='line_1_25' title="bbox 317 3590 1763 3668; baseline -0.001 -17"><span class='ocrx_word' id='word_1_204' title='bbox 317 3591 470 3652; x_wconf 90' lang='lat' dir='ltr'>denciam</span> <span class='ocrx_word' id='word_1_205' title='bbox 503 3590 698 3668; x_wconf 89' lang='lat' dir='ltr'>pleniorem,</span> <span class='ocrx_word' id='word_1_206' title='bbox 721 3599 839 3652; x_wconf 90' lang='lat' dir='ltr'>tenore</span> <span class='ocrx_word' id='word_1_207' title='bbox 863 3591 958 3651; x_wconf 91' lang='lat' dir='ltr'>vobis</span> <span class='ocrx_word' id='word_1_208' title='bbox 989 3591 1200 3667; x_wconf 89' lang='lat' dir='ltr'>presencium</span> <span class='ocrx_word' id='word_1_209' title='bbox 1233 3590 1472 3652; x_wconf 89' lang='lat' dir='ltr'>committimus</span> <span class='ocrx_word' id='word_1_210' title='bbox 1497 3597 1531 3650; x_wconf 93' lang='lat' dir='ltr'>et</span> <span class='ocrx_word' id='word_1_211' title='bbox 1554 3590 1763 3662; x_wconf 88' lang='lat' dir='ltr'>mandamus,</span> 
     </span>
     <span class='ocr_line' id='line_1_26' title="bbox 316 3697 1760 3778; baseline -0.001 -20"><span class='ocrx_word' id='word_1_212' title='bbox 316 3708 481 3776; x_wconf 90' lang='lat' dir='ltr'>quatenus</span> <span class='ocrx_word' id='word_1_213' title='bbox 514 3697 627 3760; x_wconf 88' lang='lat' dir='ltr'>audita</span> <span class='ocrx_word' id='word_1_214' title='bbox 659 3697 869 3760; x_wconf 88' lang='lat' dir='ltr'>confessione</span> <span class='ocrx_word' id='word_1_215' title='bbox 894 3745 901 3758; x_wconf 93' lang='lat'><strong>.</strong></span> <span class='ocrx_word' id='word_1_216' title='bbox 927 3747 933 3758; x_wconf 93' lang='lat'><em>.</em></span> <span class='ocrx_word' id='word_1_217' title='bbox 958 3706 990 3758; x_wconf 90' lang='lat' dir='ltr'>et</span> <span class='ocrx_word' id='word_1_218' title='bbox 1026 3745 1031 3758; x_wconf 84' lang='lat'><strong>.</strong></span> <span class='ocrx_word' id='word_1_219' title='bbox 1072 3746 1078 3757; x_wconf 91' lang='lat'><strong>.</strong></span> <span class='ocrx_word' id='word_1_220' title='bbox 1115 3697 1148 3758; x_wconf 90' lang='lat' dir='ltr'>in</span> <span class='ocrx_word' id='word_1_221' title='bbox 1183 3698 1378 3776; x_wconf 90' lang='lat' dir='ltr'>penitenciis</span> <span class='ocrx_word' id='word_1_222' title='bbox 1413 3697 1623 3778; x_wconf 89' lang='lat' dir='ltr'>iniungendis</span> <span class='ocrx_word' id='word_1_223' title='bbox 1659 3705 1692 3758; x_wconf 87' lang='lat' dir='ltr'>et</span> <span class='ocrx_word' id='word_1_224' title='bbox 1728 3697 1760 3756; x_wconf 92' lang='lat' dir='ltr'>in</span> 
     </span>
     <span class='ocr_line' id='line_1_27' title="bbox 316 3803 1763 3883; baseline -0.001 -17"><span class='ocrx_word' id='word_1_225' title='bbox 316 3804 541 3866; x_wconf 87' lang='lat' dir='ltr'>absolucionis</span> <span class='ocrx_word' id='word_1_226' title='bbox 577 3807 624 3866; x_wconf 91' lang='lat' dir='ltr'>eis</span> <span class='ocrx_word' id='word_1_227' title='bbox 655 3804 819 3867; x_wconf 89' lang='lat' dir='ltr'>beneficio</span> <span class='ocrx_word' id='word_1_228' title='bbox 852 3806 883 3865; x_wconf 91' lang='lat' dir='ltr'>in</span> <span class='ocrx_word' id='word_1_229' title='bbox 915 3803 1021 3865; x_wconf 89' lang='lat' dir='ltr'>lorma</span> <span class='ocrx_word' id='word_1_230' title='bbox 1054 3805 1194 3865; x_wconf 88' lang='lat' dir='ltr'>ecclesie</span> <span class='ocrx_word' id='word_1_231' title='bbox 1227 3803 1453 3883; x_wconf 93' lang='lat' dir='ltr'>inpendendo,</span> <span class='ocrx_word' id='word_1_232' title='bbox 1476 3805 1565 3865; x_wconf 89' lang='lat' dir='ltr'>circa</span> <span class='ocrx_word' id='word_1_233' title='bbox 1597 3823 1656 3865; x_wconf 92' lang='lat' dir='ltr'>eos</span> <span class='ocrx_word' id='word_1_234' title='bbox 1689 3805 1763 3864; x_wconf 91' lang='lat' dir='ltr'>vice</span> 
     </span>
     <span class='ocr_line' id='line_1_28' title="bbox 316 3909 1762 3994; baseline 0 -22"><span class='ocrx_word' id='word_1_235' title='bbox 316 3915 421 3974; x_wconf 88' lang='lat' dir='ltr'>nostri</span> <span class='ocrx_word' id='word_1_236' title='bbox 444 3912 553 3973; x_wconf 90' lang='lat' dir='ltr'>taliter</span> <span class='ocrx_word' id='word_1_237' title='bbox 577 3931 636 3972; x_wconf 91' lang='lat' dir='ltr'>vos</span> <span class='ocrx_word' id='word_1_238' title='bbox 660 3915 793 3994; x_wconf 90' lang='lat' dir='ltr'>geratis,</span> <span class='ocrx_word' id='word_1_239' title='bbox 817 3912 907 3992; x_wconf 90' lang='lat' dir='ltr'>quod</span> <span class='ocrx_word' id='word_1_240' title='bbox 933 3911 981 3971; x_wconf 91' lang='lat' dir='ltr'>eis</span> <span class='ocrx_word' id='word_1_241' title='bbox 1006 3909 1157 3989; x_wconf 86' lang='lat' dir='ltr'>proficiat</span> <span class='ocrx_word' id='word_1_242' title='bbox 1181 3911 1225 3972; x_wconf 91' lang='lat' dir='ltr'>ad</span> <span class='ocrx_word' id='word_1_243' title='bbox 1250 3910 1400 3984; x_wconf 88' lang='lat' dir='ltr'>salutem,</span> <span class='ocrx_word' id='word_1_244' title='bbox 1424 3911 1575 3991; x_wconf 87' lang='lat' dir='ltr'>rigorem,</span> <span class='ocrx_word' id='word_1_245' title='bbox 1601 3922 1762 3990; x_wconf 90' lang='lat' dir='ltr'>quantum</span> 
     </span>
     <span class='ocr_line' id='line_1_29' title="bbox 317 4017 1414 4098; baseline 0.002 -20"><span class='ocrx_word' id='word_1_246' title='bbox 317 4037 392 4080; x_wconf 93' lang='lat' dir='ltr'>cum</span> <span class='ocrx_word' id='word_1_247' title='bbox 417 4020 483 4081; x_wconf 93' lang='lat' dir='ltr'>deo</span> <span class='ocrx_word' id='word_1_248' title='bbox 507 4020 667 4098; x_wconf 88' lang='lat' dir='ltr'>poteritis,</span> <span class='ocrx_word' id='word_1_249' title='bbox 692 4019 920 4080; x_wconf 90' lang='lat' dir='ltr'>misericordia</span> <span class='ocrx_word' id='word_1_250' title='bbox 944 4019 1176 4095; x_wconf 89' lang='lat' dir='ltr'>temperando.</span> <span class='ocrx_word' id='word_1_251' title='bbox 1201 4017 1326 4080; x_wconf 91' lang='lat' dir='ltr'>Datum</span> <span class='ocrx_word' id='word_1_252' title='bbox 1352 4027 1414 4080; x_wconf 90' lang='lat' dir='ltr'>etc.</span> 
     </span>
    </p>
   </div>
   <div class='ocr_carea' id='block_1_9' title="bbox 315 4189 1762 4352">
    <p class='ocr_par' dir='ltr' id='par_1_9' title="bbox 315 4189 1762 4352">
     <span class='ocr_line' id='line_1_30' title="bbox 424 4189 1762 4263; baseline 0 -17"><span class='ocrx_word' id='word_1_253' title='bbox 424 4193 482 4247; x_wconf 88' lang='lat' dir='ltr'>Fol.</span> <span class='ocrx_word' id='word_1_254' title='bbox 510 4195 551 4247; x_wconf 84' lang='lat'>19⁴</span> <span class='ocrx_word' id='word_1_255' title='bbox 571 4193 595 4246; x_wconf 75' lang='grc' dir='ltr'>ὅ.</span> <span class='ocrx_word' id='word_1_256' title='bbox 617 4197 676 4256; x_wconf 85' lang='grc'>133,</span> <span class='ocrx_word' id='word_1_257' title='bbox 702 4193 748 4246; x_wconf 71' lang='lat' dir='ltr'>tei</span> <span class='ocrx_word' id='word_1_258' title='bbox 774 4209 792 4245; x_wconf 95' lang='lat' dir='ltr'>v</span> <span class='ocrx_word' id='word_1_259' title='bbox 811 4193 949 4261; x_wconf 89' lang='lat' dir='ltr'>rukopise</span> <span class='ocrx_word' id='word_1_260' title='bbox 975 4193 1105 4263; x_wconf 83' lang='lat' dir='ltr'>kapituly</span> <span class='ocrx_word' id='word_1_261' title='bbox 1129 4193 1252 4245; x_wconf 72' lang='lat' dir='ltr'>Praiske</span> <span class='ocrx_word' id='word_1_262' title='bbox 1276 4190 1357 4260; x_wconf 68' lang='lat' dir='ltr'><strong>J⁴0⁵</strong></span> <span class='ocrx_word' id='word_1_263' title='bbox 1383 4191 1519 4246; x_wconf 81' lang='lat' dir='ltr'>l01.257¹.</span> <span class='ocrx_word' id='word_1_264' title='bbox 1557 4189 1583 4244; x_wconf 95' lang='grc' dir='ltr'><strong>Ο</strong></span> <span class='ocrx_word' id='word_1_265' title='bbox 1609 4193 1762 4246; x_wconf 89' lang='lat' dir='ltr'>chronolo-</span> 
     </span>
     <span class='ocr_line' id='line_1_31' title="bbox 315 4282 1071 4352; baseline -0.003 -16"><span class='ocrx_word' id='word_1_266' title='bbox 315 4284 429 4352; x_wconf 78' lang='lat' dir='ltr'>gickem</span> <span class='ocrx_word' id='word_1_267' title='bbox 449 4283 580 4336; x_wconf 82' lang='lat' dir='ltr'>omezeni</span> <span class='ocrx_word' id='word_1_268' title='bbox 599 4284 699 4336; x_wconf 89' lang='lat' dir='ltr'>rokem</span> <span class='ocrx_word' id='word_1_269' title='bbox 721 4287 789 4335; x_wconf 88' lang='lat'>1290</span> <span class='ocrx_word' id='word_1_270' title='bbox 808 4299 884 4336; x_wconf 90' lang='lat' dir='ltr'>srov.</span> <span class='ocrx_word' id='word_1_271' title='bbox 906 4283 983 4335; x_wconf 83' lang='lat' dir='ltr'>dvod</span> <span class='ocrx_word' id='word_1_272' title='bbox 1003 4282 1071 4334; x_wconf 79' lang='lat'><strong>113.</strong></span> 
     </span>
    </p>
   </div>
   <div class='ocr_carea' id='block_1_10' title="bbox 332 4523 529 4536">
    <p class='ocr_par' dir='ltr' id='par_1_10' title="bbox 332 4523 529 4536">
     <span class='ocr_line' id='line_1_32' title="bbox 332 4523 529 4536; baseline -0.015 0"><span class='ocrx_word' id='word_1_273' title='bbox 332 4523 529 4536; x_wconf 68' lang='lat' dir='ltr'>-n—</span> 
     </span>
    </p>
   </div>
   <div class='ocr_carea' id='block_1_11' title="bbox 316 4582 1764 5101">
    <p class='ocr_par' dir='ltr' id='par_1_11' title="bbox 316 4582 1764 5101">
     <span class='ocr_line' id='line_1_33' title="bbox 423 4582 1764 4652; baseline -0.002 -13"><span class='ocrx_word' id='word_1_274' title='bbox 423 4583 451 4652; x_wconf 86' lang='lat' dir='ltr'>a)</span> <span class='ocrx_word' id='word_1_275' title='bbox 470 4585 656 4650; x_wconf 82' lang='lat' dir='ltr'>,locaverunt‘</span> <span class='ocrx_word' id='word_1_276' title='bbox 682 4583 746 4637; x_wconf 91' lang='lat' dir='ltr'>cod.</span> <span class='ocrx_word' id='word_1_277' title='bbox 766 4583 819 4636; x_wconf 88' lang='lat' dir='ltr'>Th.</span> <span class='ocrx_word' id='word_1_278' title='bbox 849 4613 881 4621; x_wconf 88' lang='lat'>--</span> <span class='ocrx_word' id='word_1_279' title='bbox 908 4585 938 4650; x_wconf 87' lang='lat' dir='ltr'>b)</span> <span class='ocrx_word' id='word_1_280' title='bbox 965 4583 1116 4646; x_wconf 87' lang='lat' dir='ltr'>,collocant</span> <span class='ocrx_word' id='word_1_281' title='bbox 1141 4584 1179 4636; x_wconf 88' lang='lat' dir='ltr'>ad</span> <span class='ocrx_word' id='word_1_282' title='bbox 1205 4582 1294 4635; x_wconf 91' lang='lat' dir='ltr'>divini</span> <span class='ocrx_word' id='word_1_283' title='bbox 1322 4586 1446 4637; x_wconf 90' lang='lat' dir='ltr'>nominis</span> <span class='ocrx_word' id='word_1_284' title='bbox 1471 4585 1579 4636; x_wconf 90' lang='lat' dir='ltr'>cultum</span> <span class='ocrx_word' id='word_1_285' title='bbox 1606 4593 1635 4636; x_wconf 90' lang='lat' dir='ltr'>et</span> <span class='ocrx_word' id='word_1_286' title='bbox 1661 4584 1764 4637; x_wconf 89' lang='lat' dir='ltr'>salutis</span> 
     </span>
     <span class='ocr_line' id='line_1_34' title="bbox 317 4671 1762 4742; baseline 0 -13"><span class='ocrx_word' id='word_1_287' title='bbox 317 4677 476 4729; x_wconf 87' lang='lat' dir='ltr'>animarum</span> <span class='ocrx_word' id='word_1_288' title='bbox 503 4673 665 4741; x_wconf 88' lang='lat' dir='ltr'>profectum</span> <span class='ocrx_word' id='word_1_289' title='bbox 691 4673 765 4726; x_wconf 84' lang='lat' dir='ltr'>inira</span> <span class='ocrx_word' id='word_1_290' title='bbox 790 4679 980 4726; x_wconf 84' lang='lat' dir='ltr'>muros....‘</span> <span class='ocrx_word' id='word_1_291' title='bbox 1000 4673 1064 4726; x_wconf 90' lang='lat' dir='ltr'>cod.</span> <span class='ocrx_word' id='word_1_292' title='bbox 1085 4671 1139 4725; x_wconf 89' lang='lat' dir='ltr'>Th.</span> <span class='ocrx_word' id='word_1_293' title='bbox 1166 4701 1199 4711; x_wconf 94' lang='lat'><em>-</em></span> <span class='ocrx_word' id='word_1_294' title='bbox 1225 4679 1251 4735; x_wconf 84' lang='lat' dir='ltr'>c)</span> <span class='ocrx_word' id='word_1_295' title='bbox 1278 4673 1358 4736; x_wconf 69' lang='lat' dir='ltr'>,talis‘</span> <span class='ocrx_word' id='word_1_296' title='bbox 1385 4673 1456 4740; x_wconf 86' lang='lat' dir='ltr'>Kap.</span> <span class='ocrx_word' id='word_1_297' title='bbox 1471 4673 1493 4742; x_wconf 91' lang='lat' dir='ltr'>J.</span> <span class='ocrx_word' id='word_1_298' title='bbox 1522 4703 1553 4710; x_wconf 97' lang='lat'><em>-</em></span> <span class='ocrx_word' id='word_1_299' title='bbox 1580 4674 1611 4741; x_wconf 87' lang='lat' dir='ltr'>d)</span> <span class='ocrx_word' id='word_1_300' title='bbox 1638 4675 1762 4738; x_wconf 88' lang='lat' dir='ltr'>,inclitae</span> 
     </span>
     <span class='ocr_line' id='line_1_35' title="bbox 317 4761 1761 4833; baseline 0.001 -17"><span class='ocrx_word' id='word_1_301' title='bbox 317 4765 441 4833; x_wconf 81' lang='lat' dir='ltr'>reginae‘</span> <span class='ocrx_word' id='word_1_302' title='bbox 467 4763 531 4817; x_wconf 92' lang='lat' dir='ltr'>cod.</span> <span class='ocrx_word' id='word_1_303' title='bbox 556 4763 609 4817; x_wconf 92' lang='lat' dir='ltr'>Th.</span> <span class='ocrx_word' id='word_1_304' title='bbox 631 4792 662 4800; x_wconf 99' lang='lat'><em>-</em></span> <span class='ocrx_word' id='word_1_305' title='bbox 683 4762 710 4832; x_wconf 89' lang='lat' dir='ltr'>e)</span> <span class='ocrx_word' id='word_1_306' title='bbox 731 4771 906 4824; x_wconf 88' lang='lat' dir='ltr'>,sanctorum</span> <span class='ocrx_word' id='word_1_307' title='bbox 925 4763 992 4824; x_wconf 89' lang='lat' dir='ltr'>Viti,</span> <span class='ocrx_word' id='word_1_308' title='bbox 1014 4762 1176 4815; x_wconf 86' lang='lat' dir='ltr'>Wenceslai</span> <span class='ocrx_word' id='word_1_309' title='bbox 1202 4769 1290 4828; x_wconf 88' lang='lat' dir='ltr'>atque</span> <span class='ocrx_word' id='word_1_310' title='bbox 1315 4761 1465 4815; x_wconf 88' lang='lat' dir='ltr'>Adalberti</span> <span class='ocrx_word' id='word_1_311' title='bbox 1490 4763 1639 4817; x_wconf 87' lang='lat' dir='ltr'>martirum</span> <span class='ocrx_word' id='word_1_312' title='bbox 1666 4773 1761 4831; x_wconf 86' lang='lat' dir='ltr'>patro-</span> 
     </span>
     <span class='ocr_line' id='line_1_36' title="bbox 316 4850 1764 4922; baseline 0.001 -17"><span class='ocrx_word' id='word_1_313' title='bbox 316 4869 458 4906; x_wconf 90' lang='lat' dir='ltr'>norum..</span> <span class='ocrx_word' id='word_1_314' title='bbox 473 4858 508 4906; x_wconf 77' lang='lat'>..⁶</span> <span class='ocrx_word' id='word_1_315' title='bbox 528 4853 593 4906; x_wconf 93' lang='lat' dir='ltr'>cod.</span> <span class='ocrx_word' id='word_1_316' title='bbox 614 4851 667 4906; x_wconf 88' lang='lat' dir='ltr'>Th.</span> <span class='ocrx_word' id='word_1_317' title='bbox 689 4881 720 4890; x_wconf 98' lang='lat'><em>-</em></span> <span class='ocrx_word' id='word_1_318' title='bbox 741 4850 762 4917; x_wconf 86' lang='lat' dir='ltr'>f)</span> <span class='ocrx_word' id='word_1_319' title='bbox 784 4853 987 4914; x_wconf 86' lang='lat' dir='ltr'>,testimonium</span> <span class='ocrx_word' id='word_1_320' title='bbox 1007 4853 1085 4906; x_wconf 87' lang='lat' dir='ltr'>istud</span> <span class='ocrx_word' id='word_1_321' title='bbox 1105 4853 1244 4919; x_wconf 89' lang='lat' dir='ltr'>scriptum</span> <span class='ocrx_word' id='word_1_322' title='bbox 1264 4850 1324 4904; x_wconf 89' lang='lat' dir='ltr'>lieri</span> <span class='ocrx_word' id='word_1_323' title='bbox 1344 4859 1374 4905; x_wconf 91' lang='lat' dir='ltr'>et</span> <span class='ocrx_word' id='word_1_324' title='bbox 1390 4852 1472 4922; x_wconf 86' lang='lat' dir='ltr'>sigilli</span> <span class='ocrx_word' id='word_1_325' title='bbox 1492 4853 1584 4906; x_wconf 88' lang='lat' dir='ltr'>nostri</span> <span class='ocrx_word' id='word_1_326' title='bbox 1604 4854 1764 4907; x_wconf 85' lang='lat' dir='ltr'>munimine</span> 
     </span>
     <span class='ocr_line' id='line_1_37' title="bbox 316 4938 1762 5010; baseline 0 -14"><span class='ocrx_word' id='word_1_327' title='bbox 316 4943 438 4997; x_wconf 86' lang='lat' dir='ltr'>fecimus</span> <span class='ocrx_word' id='word_1_328' title='bbox 458 4943 596 4996; x_wconf 87' lang='lat' dir='ltr'>roborari.</span> <span class='ocrx_word' id='word_1_329' title='bbox 614 4943 718 4996; x_wconf 85' lang='lat' dir='ltr'>Actum</span> <span class='ocrx_word' id='word_1_330' title='bbox 744 4948 773 4994; x_wconf 89' lang='lat' dir='ltr'>et</span> <span class='ocrx_word' id='word_1_331' title='bbox 792 4941 891 4995; x_wconf 87' lang='lat' dir='ltr'>datum</span> <span class='ocrx_word' id='word_1_332' title='bbox 919 4941 1026 5010; x_wconf 84' lang='lat' dir='ltr'>Pragae</span> <span class='ocrx_word' id='word_1_333' title='bbox 1044 4957 1120 4995; x_wconf 90' lang='lat' dir='ltr'>anno</span> <span class='ocrx_word' id='word_1_334' title='bbox 1146 4940 1255 4994; x_wconf 90' lang='lat' dir='ltr'>domini</span> <span class='ocrx_word' id='word_1_335' title='bbox 1280 4938 1538 4994; x_wconf 88' lang='lat' dir='ltr'>MCCLXXXVlll</span> <span class='ocrx_word' id='word_1_336' title='bbox 1566 4957 1583 4994; x_wconf 88' lang='lat' dir='ltr'>a</span> <span class='ocrx_word' id='word_1_337' title='bbox 1611 4943 1762 4996; x_wconf 87' lang='lat' dir='ltr'>nativitate</span> 
     </span>
     <span class='ocr_line' id='line_1_38' title="bbox 317 5029 1764 5101; baseline -0.001 -15"><span class='ocrx_word' id='word_1_338' title='bbox 317 5035 407 5100; x_wconf 88' lang='lat' dir='ltr'>ipsius</span> <span class='ocrx_word' id='word_1_339' title='bbox 426 5031 632 5101; x_wconf 86' lang='lat' dir='ltr'>computando,</span> <span class='ocrx_word' id='word_1_340' title='bbox 659 5030 685 5082; x_wconf 92' lang='lat' dir='ltr'>V</span> <span class='ocrx_word' id='word_1_341' title='bbox 706 5029 765 5084; x_wconf 87' lang='lat' dir='ltr'>Kal.</span> <span class='ocrx_word' id='word_1_342' title='bbox 786 5029 945 5091; x_wconf 87' lang='lat' dir='ltr'>Februarii,</span> <span class='ocrx_word' id='word_1_343' title='bbox 965 5029 1149 5098; x_wconf 86' lang='lat' dir='ltr'>pontificatus</span> <span class='ocrx_word' id='word_1_344' title='bbox 1174 5031 1266 5082; x_wconf 87' lang='lat' dir='ltr'>nostri</span> <span class='ocrx_word' id='word_1_345' title='bbox 1291 5045 1367 5082; x_wconf 90' lang='lat' dir='ltr'>anno</span> <span class='ocrx_word' id='word_1_346' title='bbox 1386 5029 1434 5088; x_wconf 81' lang='lat' dir='ltr'>lX.</span> <span class='ocrx_word' id='word_1_347' title='bbox 1456 5030 1622 5084; x_wconf 85' lang='lat' dir='ltr'>indictionis</span> <span class='ocrx_word' id='word_1_348' title='bbox 1644 5033 1764 5099; x_wconf 81' lang='lat' dir='ltr'>primae‘</span> 
     </span>
    </p>
   </div>
   <div class='ocr_carea' id='block_1_12' title="bbox 317 5119 1046 5192">
    <p class='ocr_par' dir='ltr' id='par_1_12' title="bbox 317 5119 1046 5192">
     <span class='ocr_line' id='line_1_39' title="bbox 317 5119 1046 5192; baseline -0.005 -16"><span class='ocrx_word' id='word_1_349' title='bbox 317 5123 381 5176; x_wconf 88' lang='lat' dir='ltr'>cod.</span> <span class='ocrx_word' id='word_1_350' title='bbox 402 5121 454 5175; x_wconf 91' lang='lat' dir='ltr'>Th.</span> <span class='ocrx_word' id='word_1_351' title='bbox 475 5151 507 5160; x_wconf 90' lang='lat'>-</span> <span class='ocrx_word' id='word_1_352' title='bbox 527 5123 556 5192; x_wconf 80' lang='lat' dir='ltr'>g)</span> <span class='ocrx_word' id='word_1_353' title='bbox 576 5121 628 5190; x_wconf 87' lang='lat' dir='ltr'>,Jo‘</span> <span class='ocrx_word' id='word_1_354' title='bbox 648 5121 719 5188; x_wconf 67' lang='grc' dir='ltr'>Καρ.</span> <span class='ocrx_word' id='word_1_355' title='bbox 732 5120 754 5188; x_wconf 91' lang='lat' dir='ltr'>J.</span> <span class='ocrx_word' id='word_1_356' title='bbox 778 5149 807 5159; x_wconf 92' lang='lat'>-</span> <span class='ocrx_word' id='word_1_357' title='bbox 829 5121 858 5186; x_wconf 76' lang='lat' dir='ltr'>hl</span> <span class='ocrx_word' id='word_1_358' title='bbox 878 5121 918 5183; x_wconf 87' lang='lat' dir='ltr'>,N‘</span> <span class='ocrx_word' id='word_1_359' title='bbox 941 5119 1012 5186; x_wconf 91' lang='lat' dir='ltr'>Kap.</span> <span class='ocrx_word' id='word_1_360' title='bbox 1023 5119 1046 5186; x_wconf 92' lang='lat' dir='ltr'>J.</span> 
     </span>
    </p>
   </div>
   <div class='ocr_carea' id='block_1_13' title="bbox 0 0 2000 5848">
    <p class='ocr_par' dir='ltr' id='par_1_13' title="bbox 0 0 2000 5848">
     <span class='ocr_line' id='line_1_40' title="bbox 0 0 2000 5848; baseline 0 0"><span class='ocrx_word' id='word_1_361' title='bbox 0 0 2000 5848; x_wconf 95' lang='lat' dir='ltr'> </span> 
     </span>
    </p>
   </div>
  </div>
 </body>
</html>
