3968 5848
883 371 918 420 65

875 584 928 648 74.

180 727 299 808 Biskup
332 727 449 792 Totins
486 727 636 810 nafisuje
665 725 833 802 dlkanovi,
863 726 925 808 aby
955 747 977 788 u
997 725 1190 810 poddonficlz
1219 726 1486 810 nesiusnovanlho
1517 735 1623 808 opata,

178 835 263 906 kteffl'
277 835 388 898 dosud
400 833 580 915 nesaplatil
593 854 637 896 na
648 831 826 914 prokuraci
834 831 1034 915 papeiske‘lzo
1049 833 1167 913 legata,
1182 831 1328 896 aastavil
1337 831 1442 914 vy‘kon
1453 831 1624 912 veikerylch

179 943 445 1023 bohoslurlebnyclz
480 941 612 1017 obiadri,
646 941 791 1004 aamezil
818 939 962 1004 cirkevm‘
986 939 1110 1020 pohlby
1132 961 1153 1002 a
1177 939 1248 1002 nad
1267 937 1386 1018 kostely
1408 938 1627 1021 ruilelejz'cimi

655 1047 786 1131 opatovi
802 1045 970 1130 prohldst'l
988 1045 1152 1133 aitterdikt.

1388 1150 1515 1234 (1288).

180 1317 368 1397 Episcopus
403 1314 540 1376 mandat
575 1314 716 1389 decan0,
747 1322 785 1376 ut
819 1311 990 1374 universos
1026 1313 1180 1375 homines
1214 1314 1404 1376 abbacie..
1440 1324 1626 1378 removeret

256 1445 275 1486 a
300 1424 413 1486 divino
438 1421 558 1498 olficio,
583 1430 763 1502 propterea
787 1420 879 1501 quod
905 1415 1011 1482 abbas
1035 1422 1321 1484 contribucionem
1347 1441 1413 1484 non
1438 1422 1542 1486 solvit.

285 1561 479 1646 Thlobias)¹
502 1565 556 1626 dei
580 1565 690 1645 gracia
708 1572 770 1625 etc.
787 1563 909 1625 dilecto
926 1563 958 1624 in
976 1559 1108 1625 Christo
1125 1562 1192 1626 filio
1211 1611 1217 1623 .
1235 1558 1259 1624 ,δ
1275 1563 1405 1626 decano
1423 1614 1430 1626 .
1448 1613 1453 1626 .
1472 1565 1624 1627 salutem.

179 1671 263 1736 Cum
286 1683 425 1753 propter
448 1670 654 1734 honorabilis
674 1672 733 1732 viri
756 1670 882 1734 domini
906 1670 1038 1732 abbatis
1061 1671 1153 1732 de..
1178 1671 1394 1751 pertinaciam
1418 1671 1625 1734 manifestam

181 1784 213 1843 in
225 1800 277 1856 eo,
293 1780 386 1862 quod
398 1781 470 1860 ipso
483 1779 760 1859 procuracionum
778 1779 904 1841 domini
921 1777 1021 1859 legati
1038 1779 1126 1841 sedis
1139 1777 1325 1858 apostolice
1339 1781 1625 1844 contribucionem

181 1889 245 1950 iam
269 1888 399 1950 dudum
423 1887 484 1950 sibi
500 1887 691 1966 impositam
708 1905 774 1947 non
792 1883 995 1965 persolvens,
1020 1885 1097 1946 licet
1113 1904 1213 1964 super
1228 1885 1400 1949 solucione
1417 1887 1521 1968 ipsius
1537 1890 1626 1952 idem

180 1997 286 2058 abbas
310 2015 370 2075 per
392 2013 455 2056 nos
478 2001 511 2055 et
534 1993 675 2056 nuncios
695 2012 734 2055 ac
751 1992 863 2054 literas
879 2001 1012 2054 nostras
1028 1991 1126 2055 luerit
1141 1990 1264 2072 pluries
1280 1993 1464 2074 requisitus,
1488 1995 1626 2076 pignora

181 2102 355 2184 Pragensis
377 2100 517 2164 ecclesie
540 2109 654 2162 nostre
678 2099 769 2180 apud
792 2098 918 2180 Judeos
942 2099 1124 2180 Pragenses
1148 2099 1295 2182 obligata
1319 2103 1482 2180 permittit
1498 2103 1627 2164 diucius

181 2229 387 2291 permanere,
412 2207 743 2271 excomunicacionis
768 2208 800 2269 in
824 2227 860 2270 se
885 2207 986 2270 latam
1010 2211 1210 2270 auctoritate
1227 2207 1355 2270 domini
1371 2207 1471 2290 legati
1486 2210 1628 2290 predicti

181 2319 383 2380 sentenciam
408 2313 691 2395 contempnendo,
725 2333 787 2376 nos
812 2314 855 2388 id,
887 2333 929 2377 ne
954 2315 1094 2396 pignora
1118 2315 1190 2393 ipsa
1215 2315 1386 2396 contingat
1410 2316 1522 2396 aliquo
1547 2335 1626 2380 casu

181 2424 319 2488 fortuito
344 2424 506 2502 deperire,
529 2421 684 2484 tollerare
708 2421 839 2484 diucius
862 2441 930 2484 non
954 2423 1109 2496 valentes,
1134 2422 1332 2485 discrecioni
1356 2434 1412 2486 tue
1428 2423 1628 2486 mandamus

182 2534 213 2594 in
237 2535 358 2594 virtute
382 2528 579 2594 obediencie
603 2539 637 2590 et
660 2528 723 2590 sub
747 2548 833 2609 pena
857 2531 1086 2610 suspensionis
1109 2531 1152 2591 ab
1170 2533 1318 2612 ingressu
1335 2531 1475 2592 ecclesie
1492 2529 1628 2592 firmiter

183 2650 215 2702 et
238 2658 408 2720 expresse,
432 2647 596 2718 quatenus
619 2636 792 2699 universos
816 2645 848 2697 et
872 2635 1020 2718 singulos
1044 2637 1238 2700 iamdicti..
1264 2637 1455 2701 monasterii
1475 2637 1628 2702 homines

182 2757 215 2810 et
238 2765 356 2810 eorum
381 2744 520 2808 familias
543 2744 577 2806 in
600 2743 756 2806 omnibus
779 2743 964 2806 decanatus
979 2745 1026 2806 tui
1042 2744 1191 2808 ecclesiis
1207 2745 1335 2807 tamdiu
1351 2765 1371 2806 a
1387 2745 1501 2808 divino
1518 2743 1628 2808 olficio

183 2866 215 2918 et
238 2855 411 2936 sepultura
435 2851 662 2915 ecclesiastica
678 2869 852 2914 removeas
868 2862 902 2914 et
917 2850 1022 2914 facias
1039 2851 1210 2926 removeri,
1231 2851 1390 2914 ecclesias
1410 2851 1630 2932 parochiales,

183 2966 214 3026 in
245 2964 367 3042 quibus
396 2961 552 3023 dominus
583 2959 690 3021 abbas
722 2957 891 3038 predictus
923 2959 974 3022 ius
1006 2959 1134 3021 obtinet
1158 2968 1362 3040 patronatus,
1399 2959 1626 3022 ecclesiastico

184 3073 352 3134 subiciens
366 3069 555 3141 interdicto,
568 3065 842 3143 contradictores,
854 3069 881 3130 si
894 3068 951 3148 qui
964 3065 1092 3142 suerint,
1106 3085 1164 3146 per
1177 3085 1351 3129 censuram
1366 3067 1627 3129 ecclesiasticam

186 3178 443 3259 compescendo,
467 3177 577 3242 donec
600 3201 620 3242 a
643 3181 742 3243 nobis
766 3181 856 3244 aliud
880 3183 1047 3262 receperis
1073 3185 1106 3246 in
1130 3181 1304 3256 mandatis,
1329 3182 1475 3264 alioquin
1492 3202 1629 3263 suspen·

186 3287 286 3349 sionis
318 3305 440 3366 penam
471 3287 620 3350 incurres
652 3299 685 3351 et
717 3291 902 3371 graviorem
935 3309 1002 3352 non
1033 3289 1171 3372 eflugies
1201 3289 1375 3352 ulcionem.
1417 3289 1541 3352 Datum
1566 3299 1628 3352 etc.

290 3442 351 3497 Fol.
372 3448 415 3496 11¹
435 3443 459 3496 ἐ.
480 3448 521 3506 7⁴,
541 3443 586 3497 tei
606 3461 624 3496 v
643 3444 782 3512 rnkopise
802 3445 932 3514 kapituly
951 3444 1075 3498 Pralslrc
1091 3445 1106 3514 J
1125 3443 1172 3499 40b
1197 3445 1243 3499 fol.
1264 3449 1334 3499 249¹.
1354 3445 1440 3499 Slova
1459 3447 1548 3517 ,quod
1568 3447 1630 3516 ipse

187 3547 299 3599 procu
309 3535 463 3587 racionu
473 3535 538 3588 md.
555 3534 640 3602 legati
654 3574 660 3587 .
674 3576 680 3589 .
696 3576 702 3587 .
717 3574 723 3587 .
738 3535 998 3588 contribucionem‘
1012 3535 1136 3604 ukazuji,
1155 3536 1188 3589 ie
1202 3551 1233 3588 se
1245 3537 1332 3604 jedna
1346 3550 1364 3587 ο
1378 3535 1458 3603 oboji
1471 3537 1628 3604 prokuraci

190 3622 256 3674 totii
276 3637 297 3674 r.
319 3627 388 3676 1287
407 3638 424 3676 a
444 3626 522 3686 1288,
542 3621 576 3676 le
595 3624 664 3693 tedy
683 3629 765 3678 tento
785 3625 833 3678 list
851 3625 975 3691 pochazi
994 3641 1008 3676 z
1029 3641 1049 3678 r.
1071 3629 1149 3680 1288.
1188 3624 1250 3678 Srv.
1270 3626 1315 3678 tel
1334 3640 1348 3676 s
1368 3624 1629 3694 pledclrazejr'eimi.

882 3913 934 3976 75.

188 4050 307 4132 Biskup
345 4051 461 4115 Tobia‘s
490 4051 586 4118 liroaz'
612 4057 890 4136 nejmenovanlmu
920 4055 1049 4135 opatovi
1077 4058 1239 4138 ver'ejny'm
1276 4057 1497 4141 prohlddenz'm
1520 4057 1630 4138 klatby

477 4182 498 4222 a
522 4160 733 4235 interdiktem,
757 4163 964 4245 neaaplatr'di
984 4163 1137 4225 uloz'enou
1160 4163 1347 4228 kontribuci.

1025 4321 1131 4406 (1288
1148 4325 1233 4404 pded
1253 4325 1301 4389 25
1319 4323 1523 4408 lervencem).

276 4463 466 4544 Episcopus
489 4465 604 4528 scribit
627 4467 752 4540 abbati,
777 4467 877 4546 quod,
901 4469 929 4530 si
953 4469 986 4530 in
1009 4467 1065 4528 tali
1088 4469 1230 4530 termino
1255 4470 1542 4532 contribucionem

276 4591 344 4634 non
377 4573 491 4650 solvet,
527 4583 651 4634 extunc
683 4591 801 4635 omnes
832 4572 992 4635 ecclesias
1023 4574 1091 4635 vult
1114 4577 1307 4638 monasterii
1331 4594 1456 4654 ponere
1481 4579 1542 4638 sub

818 4680 1005 4744 interdicto.

293 4816 493 4904 Th(obias)c
524 4822 578 4884 dei
610 4823 721 4904 gracia
753 4833 815 4885 etc.
848 4823 1038 4886 honorabili
1069 4827 1139 4886 viro
1172 4819 1379 4888 domino..d
1404 4826 1516 4888 abbati
1541 4825 1631 4890 de..

188 4927 330 4990 salutem
354 4939 415 4990 etc.
441 4928 599 4991 Miramur
623 4930 665 4990 de
689 4939 811 4992 vestree
832 4933 1146 5008 circumspeccionis
1163 4932 1386 5010 providencia,
1410 4952 1486 4995 curn
1503 4935 1572 4996 sitis
1588 4935 1635 4996 vir

295 5121 324 5186 a)
344 5121 394 5189 ‚Jo‘
409 5119 480 5189 Kap.
490 5119 513 5189 J.
534 5151 565 5159 -
586 5121 616 5188 b)
630 5121 679 5189 ,Jo‘
693 5121 766 5188 Kap.
776 5121 799 5190 J.
817 5151 847 5160 -
862 5123 889 5187 c)
902 5122 953 5191 ,Jo‘
968 5122 1038 5191 Kap.
1051 5123 1074 5191 J.
1094 5153 1128 5162 -
1142 5125 1173 5190 d)
1186 5121 1268 5184 ,Pau⁰
1286 5123 1384 5177 abbati
1398 5125 1435 5178 de
1448 5123 1520 5177 Aula
1535 5123 1634 5193 Regia‘

189 5208 352 5276 nespravne
372 5209 443 5277 Kap.
457 5209 488 5278 J..
509 5211 616 5264 klaster
635 5210 828 5280 Zbraslavsky
847 5211 963 5266 zaloicn
984 5213 1070 5266 1292!
1098 5241 1128 5250 —
1149 5213 1176 5280 e)
1197 5216 1310 5275 ,vestra‘
1329 5213 1378 5278 ln,
1392 5219 1506 5275 ,vestre
1527 5213 1597 5280 Kap.
1610 5211 1631 5283 J.

246 5331 266 5381 J.
281 5331 307 5374 B.
323 5331 345 5372 N
354 5345 367 5373 ο
377 5332 449 5374 sik:
465 5333 585 5376 Fornultl
599 5334 697 5385 biakupa
711 5333 812 5376 Tobidle
828 5348 839 5375 ι
853 5334 968 5387 Bechyne.
1510 5325 1526 5372 5
