3988 5844
894 379 946 427 209

195 592 283 654 hunc
319 592 458 653 modum
493 590 657 667 videlicet,
693 594 784 672 quod
817 593 904 657 idem
943 587 1029 656 Bet.b
1051 601 1108 654 aut
1139 593 1189 654 sui
1225 592 1368 654 heredes
1402 594 1445 657 de
1484 592 1642 673 predictis

196 698 240 761 lll
265 698 372 762 laneis
397 697 460 761 IIII
485 717 616 762 marcas
639 699 852 772 etlertonem
877 703 1003 782 argenti
1028 703 1101 779 puri
1125 698 1301 782 Pragensis
1325 699 1493 779 ponderis,
1518 699 1642 764 medie-

193 813 296 868 tatem
321 807 394 868 eius
417 806 449 868 in
475 805 561 869 festo
586 807 674 869 beati
699 806 834 890 Georgii
857 819 891 870 et
915 807 1011 869 aliam
1037 806 1251 870 medietatem
1270 811 1302 870 in
1326 805 1411 870 sesto
1436 808 1524 871 beati
1548 807 1642 884 Galli,

194 914 347 992 exceptis
376 913 422 976 ΙΙΙ
455 914 587 977 casibus
621 913 773 991 fortuitis,
804 917 861 995 qui
893 915 1056 994 provideri
1087 933 1155 976 non
1187 925 1336 994 possunt,
1376 913 1525 978 scilicet⁸
1558 915 1642 996 igne,

193 1020 354 1102 grandine
379 1027 412 1082 et
427 1031 515 1084 terre
532 1021 702 1084 discordia
726 1022 881 1102 generali,
904 1022 1001 1083 nobis
1025 1021 1133 1083 solvat
1156 1040 1277 1085 census
1300 1025 1434 1084 nomine
1458 1023 1639 1084 annuatim.

192 1127 348 1190 Preterea
379 1147 579 1210 quecunque
611 1129 741 1192 edificia
764 1129 854 1191 idem
877 1123 965 1191 Bet.b
993 1129 1025 1190 in
1050 1129 1167 1191 eadem
1201 1129 1386 1192 hereditate
1417 1132 1644 1192 construxerit

191 1245 247 1296 aut
270 1234 475 1298 edificaverit
498 1237 571 1315 ipse
588 1245 644 1298 aut
667 1237 718 1298 sui
735 1236 885 1311 heredes,
902 1236 997 1298 iuxta
1013 1235 1265 1298 estimacionem
1290 1237 1473 1316 proborum
1496 1237 1640 1298 virorum

191 1341 358 1404 vendendi
382 1342 503 1406 eadem
527 1344 650 1405 habeat
673 1343 811 1405 liberam
836 1341 1037 1405 facultatem.
1071 1342 1245 1405 Adicimus
1279 1344 1421 1422 insuper,
1454 1343 1547 1424 quod
1580 1363 1642 1406 nos

192 1447 234 1509 de
251 1448 417 1510 iamdictis
435 1447 481 1511 ΙΙΙ
498 1449 603 1512 laneis
619 1469 757 1512 censum
774 1451 918 1512 duorum
943 1469 1108 1513 annorum
1133 1471 1152 1511 a
1175 1448 1261 1513 festo
1279 1452 1368 1513 beati
1385 1449 1471 1514 Galli
1488 1450 1641 1529 proxime

192 1555 302 1619 luturo
327 1577 348 1618 a
370 1557 523 1636 predicto
549 1552 638 1639 Beth
661 1559 849 1636 recepimus
871 1559 933 1620 sub
969 1557 1034 1620 hoc
1070 1569 1178 1637 pacto,
1215 1557 1316 1640 quod,
1351 1553 1421 1641 (si)c
1459 1579 1521 1621 nos
1556 1557 1640 1620 inira

192 1663 332 1725 eosdem
365 1662 394 1726 ll
426 1683 535 1726 annos
570 1663 681 1727 divina
711 1666 895 1728 vocacione
929 1665 972 1726 ab
1009 1665 1073 1728 hoc
1108 1665 1222 1728 seculo
1246 1668 1388 1747 migrare
1424 1665 1641 1749 contingeret,

192 1783 317 1831 extunc
342 1789 460 1832 omnes
483 1770 610 1833 fructus
634 1779 668 1833 et
692 1781 872 1848 proventus
900 1772 1071 1852 prebende
1095 1767 1234 1834 nostred
1253 1767 1452 1835 Saccensisd
1473 1766 1642 1848 ecclesie,d

189 1877 246 1956 qui
273 1877 439 1956 habentur
462 1887 496 1940 et
520 1879 635 1940 haberi
660 1879 830 1958 potuerint
853 1880 916 1942 sub
941 1899 1030 1942 anno
1054 1881 1172 1960 gracie,
1203 1881 1338 1942 racione
1362 1880 1465 1942 debiti
1489 1879 1640 1942 eiusdem

190 2003 311 2045 census
343 2005 362 2045 a
393 1986 566 2063 sepedicto
592 1982 678 2049 Bet.b
699 1987 764 2048 iam
788 1989 913 2066 recepti
937 1989 997 2049 sibi
1022 1997 1056 2048 et
1081 1991 1150 2050 suis
1173 1988 1355 2051 heredibus
1380 1987 1577 2068 obligamus.
1603 1985 1639 2048 In

192 2110 284 2152 curus
310 2094 356 2154 rei
379 2095 608 2156 testimonium
637 2101 797 2175 presens⁹
827 2097 987 2172 scriptum
1020 2093 1089 2156 fieri
1122 2104 1155 2156 et
1185 2095 1368 2176 sigillorum
1399 2103 1467 2156 tam
1500 2092 1639 2173 predicti

190 2199 316 2260 domini
344 2203 449 2262 nostri
482 2203 634 2280 episcopi
664 2195 784 2283 quaml
819 2204 947 2264 nostri*
985 2202 1165 2264 munimine
1196 2203 1447 2283 procuravimus
1479 2200 1639 2263 roborari.

191 2305 314 2368 Datum
340 2316 402 2369 etc.
428 2307 645 2371 Pontificatus
669 2317 730 2369 etc.

299 2461 359 2516 Fol.
376 2467 410 2518 48
430 2463 454 2518 ὅ.
468 2467 529 2526 269.
548 2465 594 2519 tei
614 2481 632 2518 v
651 2466 791 2533 rukopise
811 2465 938 2536 kapituly
952 2467 1077 2520 Praiske
1089 2467 1104 2536 J
1117 2463 1164 2519 40l
1182 2465 1229 2519 iol.
1249 2470 1317 2518 266⁴.
1338 2464 1364 2519 O
1384 2463 1638 2533 chronologickem

191 2553 291 2606 urceni
309 2569 405 2608 srovn.
426 2569 509 2623 poan.
530 2571 549 2607 ιι
569 2555 593 2609 d.
613 2559 673 2608 2³9.

302 2679 323 2744 ¹)
341 2664 457 2734 Zertice
477 2697 497 2733 ιι
518 2679 563 2734 Ml.
585 2681 736 2734 Boleslavi.

884 2862 957 2924 270.

191 3001 316 3082 Biskup
345 3001 460 3066 Tobiar
494 3003 643 3086 douoluje
665 3001 687 3064 k
708 3001 850 3066 rorkazu
880 3002 973 3066 kurie
995 3025 1017 3064 a
1039 3001 1245 3083 arcibiskupa
1268 3001 1484 3066 Mohuc'rklho
1509 3003 1638 3083 posldm

188 3108 314 3190 rpitdlu
335 3129 383 3172 su.
408 3109 579 3172 Antom'na
602 3110 730 3190 vybr'rat
750 3109 916 3185 almum,
939 3110 1051 3172 sm'ma'
1072 3131 1090 3173 s
1113 3111 1200 3188 mist,
1223 3109 1299 3172 kam
1317 3109 1459 3192 prijdou,
1483 3107 1640 3174 interdikt

362 3237 383 3277 a
407 3215 529 3292 klatbu,
552 3218 681 3300 udlluje
704 3216 861 3300 odpustky
885 3223 980 3291 ulem,
1004 3216 1089 3281 kdotl
1100 3219 1169 3300 jim
1192 3217 1268 3300 dajz‘
1281 3215 1465 3299 prrkplvky.

1433 3360 1528 3422 1281.

282 3501 408 3564 Littera
432 3521 494 3580 pro
518 3503 651 3565 nunciis
675 3502 851 3582 hospitalis
875 3504 982 3565 sancti
1007 3502 1180 3580 Anthonii,
1203 3503 1346 3585 qualiter
1369 3506 1550 3583 episcopus

311 3609 452 3690 precipit
475 3609 638 3688 plebanis,
662 3619 697 3672 ut
721 3611 864 3692 benigne
888 3611 1111 3690 suscipiantur
1136 3611 1223 3673 circa
1246 3611 1407 3674 ecclesias
1430 3629 1516 3672 suas.

297 3746 496 3832 Tb(obias)'¹
521 3752 574 3813 dei
606 3753 718 3835 gracia
743 3752 917 3834 Pragensis
949 3753 1129 3832 episcopus
1160 3753 1289 3815 dilectis
1319 3753 1353 3814 in
1377 3749 1510 3815 Christo
1535 3753 1636 3815 abba·

188 3859 287 3926 tibus.
312 3859 500 3938 prepositis
519 3859 773 3934 archidiaconis,
790 3858 950 3938 plebanis,
975 3859 1201 3938 viceplebanis
1219 3861 1405 3940 ceterisque
1421 3859 1637 3922 ecclesiarum

190 3968 380 4028 rectoribus
404 3975 438 4027 et
462 3966 670 4046 capellarum
704 3977 773 4028 tam
805 3966 1014 4049 regularibus
1049 3985 1150 4046 quam
1174 3966 1388 4042 secularibus
1413 3969 1580 4045 exemptis
1604 3973 1638 4028 et

190 4093 256 4136 non
282 4073 458 4151 exemptis,
490 4093 550 4155 per
582 4083 729 4136 nostram
762 4073 929 4134 civitatem
962 4081 995 4135 et
1019 4073 1192 4151 dyocesim
1217 4073 1416 4155 Pragensem
1441 4074 1637 4149 constitutis,

189 4181 331 4243 salutern
357 4184 390 4242 in
414 4181 553 4244 domino
580 4183 827 4261 sempiternam.
853 4177 938 4242 Cum
962 4180 1052 4241 salus
1076 4183 1261 4242 animarum
1286 4189 1318 4242 et
1343 4181 1492 4242 remissio
1517 4197 1636 4258 pecca·

188 4295 301 4349 torum
326 4288 358 4348 in
383 4285 642 4349 elemosinarum
676 4287 855 4369 largicione
888 4297 921 4349 et
945 4286 1232 4368 indulgenciarum
1264 4287 1416 4367 largitate
1441 4287 1637 4367 plerumque

190 4395 352 4457 consistat
376 4405 416 4470 et,
434 4403 469 4456 ut
484 4403 626 4458 testatur
641 4397 832 4474 auctoritas,
855 4394 1113 4456 elemosinarum
1129 4388 1271 4477 largicioi
1301 4405 1335 4457 et
1351 4394 1635 4476 indulgenciarum

186 4499 325 4583 largitas
348 4519 416 4562 non
449 4502 558 4564 solum
584 4511 800 4582 peccatorum
825 4501 924 4564 solvit
947 4501 1105 4576 sarcinas
1136 4501 1196 4563 sed
1221 4502 1330 4563 tocius
1353 4500 1480 4562 doloris
1504 4500 1636 4563 radices

189 4609 364 4688 exstirpat,
398 4617 432 4670 et
464 4609 549 4670 inter
584 4619 697 4671 cetera
729 4609 879 4672 karitatis
914 4627 1019 4688 opera
1051 4610 1083 4669 in
1108 4607 1172 4668 hoc
1209 4609 1488 4689 peregrinacionis
1523 4617 1636 4670 nostre

187 4709 311 4779 stadioj
344 4715 388 4777 ad
420 4725 533 4778 eterne
569 4715 718 4778 karitatis
752 4709 936 4778 sabbatiml
965 4715 1007 4776 sit
1038 4709 1227 4795 profutura¹,
1259 4713 1335 4777 hinc
1367 4724 1427 4792 est,
1456 4715 1549 4795 quod
1573 4733 1636 4776 nos

296 4876 324 4939 a)
343 4871 481 4934 ,sclilicet‘
500 4871 550 4939 ln,
571 4873 696 4937 ‚scilicet
716 4873 788 4941 Kap.
806 4871 829 4941 J.
849 4903 882 4911 -
901 4871 931 4940 b)
941 4871 981 4938 ‚B‘
1001 4871 1073 4938 Kap.
1092 4873 1114 4941 J.
1133 4900 1167 4910 -
1186 4872 1213 4938 c)
1234 4870 1387 4938 Doplndno
1406 4871 1454 4926 dle
1474 4869 1546 4938 Kap.
1557 4871 1580 4940 J.
1600 4899 1631 4908 -

189 4961 220 5032 d)
240 4961 344 5016 Schazi
361 4977 382 5014 v
400 4959 471 5028 Kap.
491 4960 513 5029 J.
544 4991 574 5000 -
601 4965 628 5030 e)
658 4969 798 5030 ,presens‘
826 4979 844 5015 a
872 4959 1070 5028 potratovanr
1097 4959 1194 5014 schaal
1221 4975 1239 5012 v
1265 4959 1337 5027 Kap.
1362 4959 1386 5030 J.
1414 4987 1447 4999 -
1475 4959 1497 5030 l)
1525 4976 1634 5029 ,quam-

189 5057 284 5119 quam‘
305 5052 344 5104 ln.
373 5079 408 5090 -
436 5051 465 5119 g)
484 5055 603 5116 ,nostro‘
629 5051 668 5104 Ιιι.
698 5079 731 5090 -
760 5052 790 5112 hl
809 5049 850 5118 ‚F‘
870 5049 942 5118 Kap.
956 5049 978 5118 J.
1007 5078 1041 5088 -
1069 5050 1090 5115 i)
1108 5051 1216 5119 ,largio‘
1234 5049 1283 5112 In,
1308 5049 1443 5119 ,largicio
1462 5048 1533 5117 Kap.
1547 5049 1570 5119 J.
1600 5077 1632 5087 -

185 5141 207 5210 j)
226 5141 343 5206 ,studio‘
361 5139 403 5192 ln.
426 5169 455 5177 -
477 5141 507 5206 k)
527 5141 729 5205 ,sabbatissim'i
749 5141 792 5193 .i.
812 5139 995 5194 sanctissimi‘
1013 5138 1061 5202 In.¹
1081 5139 1232 5204 ,sabbatim
1258 5141 1439 5194 sanctissimi¹
1466 5139 1538 5206 Kap.
1550 5139 1572 5207 J.
1600 5167 1632 5177 -

186 5231 206 5296 1)
227 5230 384 5298 ,prolitura⁴
403 5229 444 5293 ln,
465 5230 612 5299 ,prolicua‘
633 5230 704 5298 Kap.
724 5230 746 5299 J.

243 5355 263 5406 J.
274 5355 300 5396 B.
313 5355 353 5396 No
361 5355 429 5396 sak:
445 5355 564 5396 Formuldi
574 5354 672 5405 biskupa
683 5353 783 5394 Toblsse
799 5366 811 5394 ι
826 5353 939 5405 neehyne.
1493 5341 1525 5388 1⁴
