4008 5846
909 503 943 554 53

1472 640 1482 672 b

903 717 955 780 59.

203 851 366 937 Jo(rdan)
391 865 469 938 opat
490 855 690 936 strahovskr
713 858 822 920 snlma'
835 859 981 940 J'rnlnem
997 859 1105 942 lega‘ta
1124 859 1328 942 papetskllro
1356 857 1450 932 Jana
1473 881 1490 922 s
1513 860 1647 944 biskupa

381 961 564 1026 Praz'ske'lro
586 965 705 1040 klatbu,
728 984 749 1027 v
772 964 827 1027 nid
849 967 954 1047 upadl
968 977 1031 1049 pro
1053 967 1265 1049 nesaplacem'
1280 967 1467 1050 prokurace.

1271 1162 1359 1228 1287
1380 1165 1463 1246 risen
1488 1165 1538 1226 12.

281 1301 399 1366 Abbas
424 1303 587 1384 significat
610 1304 777 1381 universis,
802 1305 926 1368 habere
950 1307 1144 1368 mandatum
1169 1329 1188 1369 a
1213 1307 1330 1389 legato,
1354 1317 1391 1368 ut
1415 1307 1567 1370 absolvat

707 1412 902 1491 episcopum
927 1433 947 1474 a
971 1413 1155 1476 sentenciis.

310 1551 381 1614 Nos
397 1547 608 1636 Jo(rdanus)¹¹
632 1555 686 1616 dei
722 1559 833 1637 gracia
858 1557 963 1618 abbas
987 1557 1181 1619 monasterii
1206 1557 1332 1619 Montis
1356 1555 1449 1634 Syon
1475 1556 1647 1639 Pragensis

200 1660 361 1738 dyocesis
384 1669 499 1723 notum
524 1681 598 1724 esse
622 1663 775 1724 volumus
808 1673 981 1742 presentes
1005 1665 1167 1726 universis
1190 1663 1301 1726 literas
1326 1664 1530 1744 inspecturis,
1555 1665 1646 1743 quod

201 1787 263 1830 nos
300 1769 472 1831 reverendi
496 1769 530 1831 in
547 1767 681 1832 Christo
698 1773 802 1848 patris
820 1773 924 1833 nostri
948 1783 981 1834 et
1002 1773 1130 1835 domini
1145 1769 1333 1854 Jo(hannis)
1358 1765 1557 1834 Tusculanib
1580 1773 1646 1850 epi-

200 1876 303 1956 scopi,
327 1875 512 1955 apostolice
536 1877 628 1938 sedis
651 1877 758 1958 legati,
783 1881 984 1959 recepimusc
1007 1879 1118 1942 literas
1150 1883 1182 1942 in
1207 1879 1269 1940 hec
1293 1881 1409 1940 verba:
1448 1873 1646 1961 Jo(hanncs)

199 1985 419 2046 miseracione
455 1984 566 2046 divina
590 1979 850 2068 (Tusculanus)b
875 1988 1065 2066 episeopus,
1097 1987 1282 2067 apostolice
1307 1987 1396 2050 sedis
1420 1987 1555 2069 legatus,
1578 1985 1645 2048 dis·

201 2101 293 2152 creto
325 2093 397 2153 viro
422 2087 616 2173 (Jordano)⁸
647 2093 762 2155 abbati
793 2094 983 2155 monasterii
1017 2093 1143 2156 Montis
1174 2091 1268 2170 Syon
1293 2093 1467 2175 Pragensis
1491 2092 1646 2169 dyocesis

201 2199 342 2262 salutem
367 2199 399 2261 in
416 2199 566 2261 domino.
590 2196 675 2262 Cum
693 2200 890 2263 venerabilis
914 2210 1007 2280 pater
1025 2200 1197 2283 Pragensis
1214 2201 1393 2281 episcopus
1417 2199 1461 2261 ob
1478 2199 1647 2262 delectum

200 2305 382 2368 solucionis
405 2307 598 2387 quantitatis
622 2308 772 2386 pecunie,
804 2327 904 2389 quam
936 2309 1115 2370 occasione
1147 2311 1425 2386 procuracionum
1458 2314 1646 2369 nostrarum

201 2414 297 2492 primi
322 2413 400 2475 anni
432 2422 546 2476 nostre
577 2413 758 2495 legacionis
793 2413 854 2476 sibi
878 2423 913 2476 et
936 2415 1026 2476 clero
1051 2415 1123 2477 eius
1154 2425 1314 2495 exempto
1339 2423 1372 2476 et
1395 2433 1462 2476 non
1486 2423 1646 2490 exempto

201 2520 360 2583 duximus
385 2519 634 2599 imponendam,
665 2522 893 2600 suspensionis
925 2523 967 2583 ab
992 2522 1140 2600 ingressu
1173 2521 1313 2583 ecclesie
1344 2533 1377 2582 et
1401 2519 1647 2600 pontificalibus

200 2637 233 2689 et
256 2629 585 2690 excomunicacionis
602 2629 643 2690 sit
656 2630 898 2691 sentenciarum
915 2628 1054 2692 vinculis
1070 2629 1258 2706 innodatus,
1281 2628 1445 2709 nobisque
1462 2627 1646 2706 predictam

201 2739 420 2816 quantitatem
453 2737 594 2815 pecunie
627 2755 688 2815 pro
713 2755 748 2797 se
774 2745 808 2797 et
832 2736 921 2798 clero
953 2756 1014 2798 suo
1039 2737 1174 2798 nomine
1199 2737 1476 2815 procuracionum
1500 2737 1645 2812 ipsarum

201 2845 337 2904 duxerit
354 2843 618 2921 persolvendam,
642 2843 840 2906 discrecioni
856 2852 912 2905 tue
930 2863 996 2924 qua
1013 2842 1179 2924 fungimur
1194 2844 1392 2904 auctoritate
1410 2842 1647 2904 committimus

201 2961 233 3010 et
256 2951 465 3027 mandamus,
489 2959 654 3030 quatenus
670 2953 866 3031 episcopum
891 2949 1056 3028 prelatum
1074 2950 1116 3012 ad
1133 2951 1385 3031 requisicionem
1410 2949 1513 3028 ipsius
1537 2966 1646 3010 asen-

200 3059 319 3119 tenciis
344 3056 503 3135 predictis
519 3055 673 3118 absolvas
698 3065 731 3119 et
756 3060 788 3120 in
814 3058 902 3135 locis,
928 3059 960 3120 in
985 3059 1106 3136 quibus
1123 3056 1284 3137 expedire
1308 3055 1437 3130 videris,
1461 3055 1645 3117 denuncies

202 3173 234 3224 et
268 3163 462 3225 denunciari
494 3162 596 3226 facias
630 3167 828 3228 auctoritate
860 3175 973 3227 nostra
998 3164 1131 3244 publice
1164 3164 1364 3226 absolutum.
1412 3162 1535 3225 Datum
1568 3155 1647 3226 etc.‘¹

204 3269 440 3332 Venerabilem
469 3271 502 3332 in
531 3266 664 3334 Christo
701 3283 827 3351 patrem
864 3272 1038 3334 dominum
1073 3267 1283 3351 Th(obiam)⁸
1322 3269 1521 3353 Pragensem
1561 3271 1647 3348 epis-

202 3397 324 3456 copum
348 3377 579 3456 supradictum
604 3399 621 3440 a
646 3381 876 3457 suspensionis
900 3380 944 3440 ab
968 3383 1117 3461 ingressu
1135 3380 1275 3442 ecclesie
1300 3388 1333 3441 et
1357 3400 1376 3441 a
1400 3377 1646 3458 pontificalibus

202 3504 239 3546 ac
263 3485 595 3548 excomunicacionis
611 3487 797 3560 sentenciis,
821 3505 905 3566 quas
923 3489 994 3567 ipse
1009 3488 1112 3549 modo
1130 3487 1312 3549 incurrerat
1328 3487 1508 3561 antedict0,
1532 3495 1646 3545 aucto-

202 3595 298 3654 ritate
322 3613 341 3654 a
366 3591 520 3670 predicto
536 3593 675 3655 domino
693 3592 802 3674 legato
821 3595 917 3656 nobis
934 3613 1096 3656 concessa
1114 3594 1317 3656 absolvimus
1334 3595 1365 3654 in
1383 3591 1489 3654 forma
1505 3591 1645 3653 ecclesie

202 3718 287 3761 anno
312 3699 439 3762 domini
465 3694 769 3763 MCCLXXXVlll
794 3701 827 3762 in
847 3702 1013 3762 dominica
1029 3703 1153 3764 mensis
1166 3697 1378 3781 (Octo)bris,g
1403 3719 1468 3780 qua
1493 3708 1645 3759 cantatur

203 3803 333 3881 ‚Omnia
357 3825 422 3886 que
447 3803 570 3882 lecisti‘,
597 3811 679 3869 'eum
704 3808 788 3868 hora
812 3809 915 3870 tercia
947 3810 1051 3887 ipsius
1075 3808 1243 3871 dominice
1267 3809 1298 3869 in
1323 3807 1480 3888 Pragensi
1505 3805 1647 3866 ecclesia

201 3913 309 3975 taliter
333 3913 527 3976 absolutum
551 3917 584 3976 in
600 3934 746 3994 persona
764 3916 907 3994 propria,
932 3915 1078 3994 prelatis
1102 3915 1271 3977 canonicis
1295 3923 1328 3975 et
1344 3914 1414 3975 aliis
1438 3911 1548 3975 multis
1572 3931 1645 3991 pre·

203 4021 359 4096 sentibus,
384 4021 519 4098 publice
543 4025 750 4098 nunciantes,
780 4031 878 4098 prout
903 4042 922 4082 a
946 4022 1076 4101 prelato
1100 4021 1239 4084 domino
1264 4020 1372 4102 legato
1397 4039 1456 4098 per
1480 4019 1583 4098 ipsius
1607 4017 1643 4078 li·

202 4139 289 4188 teras
312 4128 556 4207 suprascriptas
580 4130 767 4206 recepimus
791 4130 822 4190 in
847 4129 1021 4192 mandatis.
1048 4129 1180 4190 Decens
1205 4147 1349 4208 namque
1373 4135 1481 4188 estet
1506 4143 1645 4188 consen·

201 4243 337 4296 taneum
354 4236 483 4310 rationi,
506 4243 542 4296 ut
558 4235 718 4298 mandato
736 4237 916 4314 superioris
935 4236 1111 4298 cuiuslibet
1134 4235 1312 4298 obediatur
1331 4234 1471 4296 fideliter
1487 4233 1645 4312 precipue

202 4341 231 4402 in
257 4343 407 4422 negociis
442 4351 510 4404 tam
543 4343 678 4405 utilibus
710 4351 743 4404 et
775 4343 935 4405 honestis.
977 4343 1013 4405 ln
1044 4345 1138 4404 cuius
1175 4345 1223 4404 rei
1246 4343 1470 4404 testimonium
1506 4359 1645 4420 presens

201 4451 361 4527 scriptum
386 4447 455 4509 fieri
480 4459 513 4509 et
537 4456 655 4511 nostro
680 4468 719 4512 ac
736 4450 875 4512 ecclesie
900 4460 1013 4512 nostre
1030 4450 1141 4532 sigillis
1165 4449 1304 4511 lecimus
1321 4449 1478 4510 roborari.
1504 4439 1644 4508 Datumh

203 4558 232 4616 in
258 4603 289 4616 ..
315 4574 404 4618 anno
430 4565 463 4616 et
487 4555 542 4618 die
566 4551 749 4636 predictis.i

307 4709 369 4764 Fol.
388 4713 414 4766 9¹
434 4709 457 4762 d.
477 4715 520 4771 59,
540 4711 586 4763 tei
611 4728 630 4764 v
655 4712 794 4779 rukopise
818 4713 947 4782 kapituly
973 4713 1098 4768 Praiske
1123 4713 1138 4782 J
1164 4719 1210 4765 40'
1231 4710 1277 4765 iol.
1305 4714 1464 4766 κδ’-256.
1500 4709 1643 4764 Vdatum

200 4801 331 4854 vlistine
360 4815 392 4852 se
418 4801 623 4870 nacbazejicim
651 4803 680 4870 je
706 4803 809 4871 chyba,
838 4802 941 4855 neddle
968 4802 1082 4864 ,Omnia
1105 4816 1164 4869 que
1184 4800 1286 4854 iecisti‘
1316 4800 1438 4869 pilpada
1462 4816 1498 4854 na
1519 4805 1551 4852 12
1571 4800 1642 4869 iijen

307 4978 336 5047 a)
353 4978 397 5038 ,N·
418 4978 490 5046 Kap.
500 4977 524 5047 J.
546 5007 577 5016 —
598 4977 627 5049 b)
648 4980 729 5044 ,talis‘
749 4977 822 5046 Kap.
833 4979 856 5048 J.
878 5008 910 5018 -
931 4977 957 5047 c)
978 4979 1121 5046 ,receptis‘
1141 4979 1181 5032 ln.
1201 5007 1234 5017 -
1255 4977 1285 5046 d)
1304 4977 1379 5047 Nyni
1398 4979 1548 5047 nasteduje
1566 4995 1584 5032 v
1602 4979 1642 5030 ln.

199 5067 319 5121 zvlastni
338 5068 443 5135 nadpis
463 5069 578 5122 miniem
597 5067 661 5132 ,Hic
680 5069 736 5122 iam
756 5068 881 5122 absolvit
900 5068 1069 5135 episcopum
1089 5067 1187 5121 dando
1206 5069 1303 5122 literas
1322 5069 1350 5120 in
1371 5067 1582 5122 testimoniumt
1610 5095 1641 5104 —

198 5157 224 5224 e)
243 5155 301 5225 ,Jo‘
321 5155 386 5224 Kap
411 5155 435 5223 J.
467 5185 496 5194 -
520 5155 541 5222 f)
561 5157 613 5219 ,Mo
640 5165 704 5211 etc:
724 5155 796 5225 Kap.
814 5156 836 5225 J.
866 5185 898 5194 —
928 5159 956 5226 g)
982 5157 1179 5225 ,Septembris¹
1206 5173 1223 5209 v
1250 5158 1328 5212 obou
1354 5159 1386 5209 rlr
1425 5185 1457 5194 -
1486 5155 1515 5222 h)
1535 5155 1641 5209 Datum

199 5246 257 5302 atd.
276 5247 309 5299 al
329 5245 369 5300 do
388 5248 484 5299 konce
502 5247 600 5300 schazi
618 5262 636 5299 v
655 5246 727 5314 Kap.
746 5246 769 5316 J.
790 5275 821 5284 -
842 5245 861 5315 i)
881 5245 956 5316 Nyni
979 5248 1036 5317 Jest
1061 5245 1192 5316 piipojen
1217 5263 1234 5298 v
1254 5247 1293 5300 In.
1313 5255 1377 5300 text
1396 5245 1465 5298 cisia
1491 5248 1533 5311 60,
1558 5245 1641 5314 ktery

200 5335 219 5387 k
237 5335 332 5389 listine
351 5338 413 5389 teto
432 5335 555 5402 nepatii.
