3968 5848
866 655 937 754 159.

177 851 296 933 Biskup
324 851 355 914 Τ
350 851 442 914 obt'cis‘
464 851 613 934 nadiauje
635 851 842 935 arczjdhnovi
858 851 1093 926 Hradecke'mu,
1117 851 1176 934 aby
1187 851 1359 935 prolala‘sil
1379 851 1535 914 interdici
1556 854 1626 915 nod

168 958 314 1039 kay'msi
339 957 497 1036 hostelem,
528 959 629 1042 jeltod
658 960 852 1041 pilsluinr'ci
889 959 1076 1038 nesaplatr'li
1107 957 1274 1038 biskupovi
1301 958 1444 1040 povinny
1468 957 1622 1040 poplatek

668 1087 689 1128 v
712 1066 775 1128 den
798 1067 967 1146 vysve'cenz'
986 1063 1127 1128 clercimu.

1232 1168 1513 1248 (ΖΕΝ-12903).

264 1313 451 1393 Episcopus
484 1315 619 1376 mandat
653 1315 899 1386 archidiacono
932 1325 968 1376 ut
993 1314 1165 1376 ecclesiam
1199 1315 1297 1389 illam,
1327 1334 1427 1395 quam
1452 1335 1530 1378 con·

265 1422 411 1496 secavit,
429 1435 569 1500 poneret
586 1423 647 1483 sub
662 1423 840 1484 interdicto
856 1441 982 1500 proco,
1000 1422 1091 1502 quod
1105 1441 1273 1501 expensas
1287 1441 1352 1483 non
1367 1423 1533 1484 dederunt

642 1529 705 1590 sibi
729 1531 762 1590 in
787 1529 840 1591 die
866 1531 1144 1592 consecracionis.

278 1669 471 1754 Tholbiasl²
487 1672 540 1734 dei
556 1673 667 1753 gracia
681 1681 742 1732 etc.
760 1672 946 1734 honorabili
962 1675 1032 1733 viro
1046 1674 1205 1752 magistro
1223 1718 1229 1732 .
1248 1669 1272 1732 d
1288 1673 1435 1736 eiusdem
1453 1672 1619 1768 (ecclesie)

177 1783 332 1840 canonico
365 1789 398 1840 et
421 1779 659 1840 archidiacono
694 1798 734 1840 ac
765 1779 909 1860 plebano
940 1775 1177 1860 Gredcens101)
1210 1781 1349 1842 salutem
1383 1799 1457 1841 cum
1490 1781 1618 1842 sincere

177 1887 316 1948 caritatis
349 1885 478 1948 affectu.
505 1883 588 1948 Cum
620 1879 779 1946 ecclesiad
810 1885 1012 1964 parochialis
1043 1889 1125 1947 in..
1151 1886 1363 1949 reconciliata
1388 1897 1421 1949 et
1444 1887 1562 1950 altaria
1587 1891 1620 1950 in

176 1995 287 2056 eadem
313 1993 468 2056 dedicata
494 2013 553 2072 per
578 2011 639 2054 nos
665 1989 770 2073 (sunt)
804 1993 846 2054 ad
872 1995 1069 2054 instanciam
1102 1995 1220 2056 civium
1255 1995 1495 2073 parochialium
1528 1996 1617 2057 de..

177 2101 309 2164 ecclesie
334 2103 400 2163 iam
425 2098 563 2180 prefate,
588 2109 621 2160 et
646 2100 717 2178 ipsi,
748 2098 826 2161 licet
857 2112 974 2161 contra
1010 2102 1171 2176 debitum,
1203 2104 1421 2165 irreverenter
1453 2114 1485 2164 et
1510 2103 1619 2164 minus

177 2208 306 2283 provide
330 2205 579 2269 dissimulantes
603 2205 766 2267 honorem
792 2219 825 2267 et
850 2209 1075 2269 reverenciam
1088 2208 1358 2287 quamdebeant,
1382 2210 1412 2270 in
1430 2212 1617 2289 procuraci-

176 2317 288 2377 onibus
312 2332 537 2394 expensarum
565 2315 700 2375 racione
724 2315 827 2374 nostri
853 2313 952 2375 officii
968 2327 1001 2376 et
1018 2314 1171 2376 laborum
1195 2317 1294 2378 nobis
1318 2325 1351 2378 et
1367 2315 1487 2378 familie
1504 2325 1617 2377 nostre

175 2422 363 2502 impendere
377 2421 509 2483 minime
523 2430 728 2494 curaverunt,
746 2439 948 2500 quamquam
970 2421 1034 2483 hoc
1048 2422 1218 2484 evidenter
1232 2425 1439 2504 perpendere
1452 2435 1616 2504 poterant,

176 2532 269 2609 quod,
300 2531 357 2611 qui
381 2529 475 2591 altari
506 2529 614 2600 servit,
644 2527 756 2589 altaris
788 2530 929 2589 servicio
965 2531 1027 2590 utie
1060 2530 1172 2604 debet,
1205 2550 1268 2592 nos
1299 2532 1454 2612 exigente
1487 2533 1616 2593 iusticia

175 2639 364 2700 temeritatis
388 2637 607 2714 pertinaciam
633 2633 841 2695 dissimulare
873 2635 1082 2714 aliquatenus
1114 2656 1182 2698 non
1206 2637 1365 2714 valentes,
1397 2657 1473 2700 cum
1498 2658 1559 2700 nos
1583 2647 1617 2698 et

173 2745 366 2825 episcopalis
390 2754 503 2806 nostra
528 2742 720 2804 veneranda
745 2741 890 2822 dignitas
915 2741 1044 2805 offensa
1068 2745 1111 2805 sit
1134 2763 1200 2806 non
1219 2745 1388 2807 modicum
1414 2765 1473 2824 per
1490 2755 1616 2806 tantam

172 2853 316 2914 iniuriam
349 2860 383 2913 et
418 2857 658 2926 contemptum,
695 2847 872 2909 ecclesiam
908 2849 1014 2928 ipsam
1050 2851 1276 2929 parochialem
1313 2855 1513 2915 auctoritate
1549 2872 1615 2933 qua

171 2958 331 3042 fungimur
354 2959 536 3020 subicimus
560 2955 789 3017 ecclesiastico
814 2955 1000 3029 interdicto,
1035 2959 1248 3035 providencie
1279 2969 1386 3020 vestre
1419 2959 1616 3022 mandantes

171 3071 199 3127 in
222 3069 342 3130 virtute
367 3064 565 3127 obediencie
589 3062 726 3124 firmiter
751 3074 783 3122 et
807 3081 968 3143 expresse
992 3073 1025 3125 et
1048 3064 1126 3126 fidei
1150 3076 1259 3127 vestre
1284 3069 1316 3127 in
1340 3065 1393 3128 illa
1417 3066 1489 3142 fide,
1514 3085 1613 3146 quam

170 3175 262 3236 nobis
286 3183 320 3236 et
344 3165 496 3236 ecetesies
521 3171 691 3245 tenemini,
717 3167 952 3233 nichilominus
986 3173 1204 3252 iniungenteS,
1228 3182 1394 3252 quatenus
1418 3173 1559 3236 fideliter
1583 3185 1615 3236 et

170 3281 305 3344 sollicite
331 3281 508 3360 providere
540 3277 672 3352 curetis,
704 3287 740 3338 ut
772 3278 860 3338 cives
892 3277 982 3339 idem
1014 3297 1090 3340 cum
1120 3298 1237 3341 eorum
1273 3279 1412 3355 familiis,
1443 3300 1553 3342 mares
1581 3291 1615 3342 et

170 3386 297 3464 lemine,
331 3387 475 3450 universi
507 3387 540 3446 in
564 3383 722 3445 iamdicta
754 3384 936 3462 parochiali
968 3384 1109 3448 ecclesia
1141 3395 1219 3466 post
1250 3397 1387 3450 octavas
1427 3387 1612 3451 reconcilia-

171 3498 270 3558 cionis
295 3495 446 3558 eiusdem
479 3501 614 3554 nostrae
646 3491 824 3552 interdicto
856 3491 1000 3554 durante
1023 3503 1091 3554 tam
1124 3495 1155 3554 in
1180 3497 1252 3574 ipsa
1284 3495 1425 3558 ecclesia
1456 3514 1556 3575 quam
1582 3497 1614 3557 in

171 3603 238 3665 aliis
270 3601 567 3664 archidiaconatus
606 3599 706 3658 vestri
745 3596 894 3658 ecclesiis
933 3598 1139 3662 nullatenus‘
1169 3603 1370 3682 recipiantur
1407 3605 1539 3682 penitus
1570 3603 1612 3663 ad

168 3711 273 3773 divina
298 3719 331 3770 et
355 3707 613 3770 ecclesiasticam
638 3702 842 3782 sepulturam
867 3724 929 3766 nec
954 3708 1000 3767 eis
1020 3706 1243 3770 exhibeantur
1260 3710 1367 3789 aliqua
1389 3709 1613 3771 ecclesiastica

168 3825 384 3894 sacramenta,
407 3825 551 3892 excepta
576 3812 754 3873 dumtaxat
778 3810 891 3872 ultima
917 3805 1104 3889 penitencia
1128 3816 1345 3878 moriencium
1365 3826 1399 3877 et
1415 3817 1611 3896 baptismate

169 3927 387 4005 parvulorum,
411 3923 521 3982 donec
546 3921 609 3999 ipsi
633 3918 795 3979 exsolutis
820 3920 941 3980 nostris
966 3921 1168 4002 pignoribus,
1193 3941 1258 4002 que
1283 3916 1359 4000 pro¹¹
1388 3942 1611 4002 expensarum

169 4041 354 4094 nostrarum
389 4027 688 4110 procuracionibus
723 4023 882 4101 predictis
918 4027 972 4086 die
1008 4028 1236 4092 dedicacionis
1276 4030 1426 4093 eiusdem
1466 4029 1611 4110 obligata

168 4143 320 4216 existunt,
346 4156 406 4218 pro
431 4126 636 4213 contemptui
665 4139 699 4192 et
723 4131 838 4193 iniuria
864 4132 1056 4197 huiusmodi
1081 4147 1206 4199 temere
1228 4140 1381 4218 irrogata,
1405 4139 1502 4200 nobis
1519 4140 1611 4200 satis·

168 4245 294 4323 iaciant,
319 4255 356 4308 ut
378 4251 543 4316 tenentur,
567 4249 604 4300 ut
628 4257 715 4319 pena
740 4237 837 4298 unius
861 4239 902 4300 sit
925 4252 1035 4305 metus
1060 4244 1209 4306 aliorum.
1235 4243 1360 4308 Datum
1385 4255 1446 4307 etc.

270 4439 331 4493 Fol.
352 4439 396 4492 24¹
415 4437 439 4490 ἐ.
455 4439 514 4495 159,
533 4433 579 4485 tei
598 4449 616 4484 v
629 4431 768 4498 rukopise
782 4429 913 4500 kapituly
929 4431 1051 4487 Praislre
1070 4433 1144 4503 J40b
1164 4436 1210 4490 sol.
1224 4438 1293 4490 252⁵.
1313 4435 1609 4507 Ochronologickem

167 4532 294 4584 omezeni
313 4533 415 4584 rokem
436 4533 504 4583 1290
524 4538 601 4578 srov.
621 4520 699 4574 uvod
713 4519 738 4573 ll
754 4524 779 4572 3.

274 4659 294 4722 ι)
315 4656 432 4711 Hradec
452 4655 585 4710 Kralove.

268 4961 296 5028 a)
316 4961 376 5030 .Jo‘.
398 4960 468 5028 Kap.
486 4960 508 5028 J.
545 4989 562 4998 -
591 4961 620 5026 b)
642 4959 691 5022 ‚B‘.
712 4961 783 5029 Kap.
802 4959 914 5028 J.-c)
930 4959 997 5022 ,tali‘
1011 4959 1083 5028 Kap.
1097 4959 1119 5028 J.
1143 4987 1170 5000 -
1187 4958 1392 5022 d)‚ecclesiam
1412 4957 1607 5025 parochialem

164 5048 210 5116 ln„
235 5051 369 5116 ‚ecclesia
389 5049 569 5117 parochialis·
600 5049 670 5117 Kap.
702 5049 724 5118 J.
745 5077 773 5088 -
807 5051 834 5116 e)
862 5053 911 5113 ‚ut‘
935 5048 984 5110 ln„
1006 5049 1064 5114 ,uti‘
1091 5047 1162 5116 Kap.
1185 5047 1208 5116 J.
1237 5075 1270 5086 -
1300 5047 1322 5112 l)
1349 5047 1479 5108 ‚ecclesie
1509 5053 1607 5100 nostre

164 5137 232 5206 Kap.
252 5139 275 5208 J.
296 5169 327 5178 -
348 5139 376 5208 g)
395 5139 496 5200 ,nullas
516 5139 664 5206 recipiant'
686 5137 734 5202 ln.,
754 5139 926 5201 ,nullatenus
946 5137 1129 5204 recipiantur‘
1149 5135 1221 5205 Kap.
1232 5135 1255 5203 J.
1276 5165 1308 5174 -·
1330 5138 1357 5192 hl
1375 5139 1445 5203 ,per‘
1464 5135 1511 5200 In..
1537 5142 1607 5202 ‚pro‘

165 5226 232 5297 Kap.
247 5229 269 5298 J.
291 5258 323 5267 -
344 5229 363 5298 i)
382 5233 574 5296 ,conceptum‘
594 5229 644 5292 ln,
666 5229 854 5295 ‚contemptu‘
872 5227 944 5295 Kap.
958 5227 980 5296 J.
