<?xml version="1.0" encoding="UTF-8"?>
<!DOCTYPE html PUBLIC "-//W3C//DTD XHTML 1.0 Transitional//EN"
    "http://www.w3.org/TR/xhtml1/DTD/xhtml1-transitional.dtd">
<html xmlns="http://www.w3.org/1999/xhtml" xml:lang="en" lang="en">
 <head>
  <title>
</title>
<meta http-equiv="Content-Type" content="text/html;charset=utf-8" />
  <meta name='ocr-system' content='tesseract 3.04.00' />
  <meta name='ocr-capabilities' content='ocr_page ocr_carea ocr_par ocr_line ocrx_word'/>
</head>
<body>
  <div class='ocr_page' id='page_1' title='image "./formulbiskupato00novgoog_0274.png"; bbox 0 0 3988 5844; ppageno 0'>
   <div class='ocr_carea' id='block_1_1' title="bbox 1010 372 1063 420">
    <p class='ocr_par' dir='ltr' id='par_1_1' title="bbox 1010 372 1063 420">
     <span class='ocr_line' id='line_1_1' title="bbox 1010 372 1063 420; baseline 0 0"><span class='ocrx_word' id='word_1_1' title='bbox 1010 372 1063 420; x_wconf 83' lang='lat'>232</span> 
     </span>
    </p>
   </div>
   <div class='ocr_carea' id='block_1_2' title="bbox 311 580 1757 1986">
    <p class='ocr_par' dir='ltr' id='par_1_2' title="bbox 312 580 1756 738">
     <span class='ocr_line' id='line_1_2' title="bbox 312 580 1756 650; baseline -0.003 -14"><span class='ocrx_word' id='word_1_2' title='bbox 312 581 428 636; x_wconf 81' lang='lat' dir='ltr'>Tenore</span> <span class='ocrx_word' id='word_1_3' title='bbox 447 583 629 650; x_wconf 87' lang='lat' dir='ltr'>presencium</span> <span class='ocrx_word' id='word_1_4' title='bbox 649 583 830 650; x_wconf 80' lang='lat' dir='ltr'><strong>publicamus</strong></span> <span class='ocrx_word' id='word_1_5' title='bbox 857 609 890 620; x_wconf 89' lang='lat'><em>-</em></span> <span class='ocrx_word' id='word_1_6' title='bbox 917 609 947 620; x_wconf 97' lang='lat'>-</span> <span class='ocrx_word' id='word_1_7' title='bbox 973 609 1001 618; x_wconf 93' lang='lat'><em>-</em></span> <span class='ocrx_word' id='word_1_8' title='bbox 1058 580 1097 634; x_wconf 89' lang='lat' dir='ltr'>Ut</span> <span class='ocrx_word' id='word_1_9' title='bbox 1121 581 1219 634; x_wconf 88' lang='lat' dir='ltr'>oblata</span> <span class='ocrx_word' id='word_1_10' title='bbox 1244 595 1363 634; x_wconf 87' lang='lat' dir='ltr'>munera</span> <span class='ocrx_word' id='word_1_11' title='bbox 1389 607 1423 619; x_wconf 88' lang='lat'><em>-</em></span> <span class='ocrx_word' id='word_1_12' title='bbox 1451 609 1482 618; x_wconf 88' lang='lat'>--</span> <span class='ocrx_word' id='word_1_13' title='bbox 1507 580 1756 633; x_wconf 84' lang='lat' dir='ltr'>-testimonium</span> 
     </span>
     <span class='ocr_line' id='line_1_3' title="bbox 364 662 1477 738; baseline -0.002 -14"><span class='ocrx_word' id='word_1_14' title='bbox 364 671 504 725; x_wconf 88' lang='lat' dir='ltr'>noveritis</span> <span class='ocrx_word' id='word_1_15' title='bbox 523 672 679 727; x_wconf 86' lang='lat' dir='ltr'>involutos.</span> <span class='ocrx_word' id='word_1_16' title='bbox 700 662 739 738; x_wconf 75' lang='lat' dir='ltr'>(C.</span> <span class='ocrx_word' id='word_1_17' title='bbox 762 674 814 738; x_wconf 83' lang='lat'>70).</span> <span class='ocrx_word' id='word_1_18' title='bbox 1112 671 1319 724; x_wconf 84' lang='lat' dir='ltr'>concedentes.</span> <span class='ocrx_word' id='word_1_19' title='bbox 1341 664 1383 733; x_wconf 78' lang='lat' dir='ltr'>(C.</span> <span class='ocrx_word' id='word_1_20' title='bbox 1402 673 1477 737; x_wconf 86' lang='grc'>234).</span> 
     </span>
    </p>

    <p class='ocr_par' dir='ltr' id='par_1_3' title="bbox 311 777 1757 1026">
     <span class='ocr_line' id='line_1_4' title="bbox 311 777 1003 847; baseline -0.001 -16"><span class='ocrx_word' id='word_1_21' title='bbox 311 777 494 832; x_wconf 86' lang='lat' dir='ltr'>Theodricus</span> <span class='ocrx_word' id='word_1_22' title='bbox 520 778 681 847; x_wconf 85' lang='lat' dir='ltr'>presbyter,</span> <span class='ocrx_word' id='word_1_23' title='bbox 713 777 861 832; x_wconf 80' lang='lat' dir='ltr'>exhibitor</span> <span class='ocrx_word' id='word_1_24' title='bbox 886 793 1003 845; x_wconf 91' lang='lat' dir='ltr'>presen-</span> 
     </span>
     <span class='ocr_line' id='line_1_5' title="bbox 365 847 1757 934; baseline -0.004 -28"><span class='ocrx_word' id='word_1_25' title='bbox 365 861 441 920; x_wconf 69' lang='lat' dir='ltr'>ciu&#39;m</span> <span class='ocrx_word' id='word_1_26' title='bbox 472 897 502 906; x_wconf 88' lang='lat'>-</span> <span class='ocrx_word' id='word_1_27' title='bbox 533 897 565 906; x_wconf 85' lang='grc'>..</span> <span class='ocrx_word' id='word_1_28' title='bbox 595 895 628 906; x_wconf 88' lang='grc'><strong>-</strong></span> <span class='ocrx_word' id='word_1_29' title='bbox 660 866 867 921; x_wconf 61' lang='lat' dir='ltr'>vicissitudinis</span> <span class='ocrx_word' id='word_1_30' title='bbox 903 881 1004 934; x_wconf 66' lang='lat' dir='ltr'>repen.</span> <span class='ocrx_word' id='word_1_31' title='bbox 1062 848 1292 902; x_wconf 75' lang='lat' dir='ltr'>veneracionem</span> <span class='ocrx_word' id='word_1_32' title='bbox 1327 847 1375 902; x_wconf 87' lang='lat' dir='ltr'>dei</span> <span class='ocrx_word' id='word_1_33' title='bbox 1410 855 1465 902; x_wconf 92' lang='lat' dir='ltr'>etc.</span> <span class='ocrx_word' id='word_1_34' title='bbox 1504 848 1639 902; x_wconf 90' lang='lat' dir='ltr'>omnibus</span> <span class='ocrx_word' id='word_1_35' title='bbox 1673 847 1757 900; x_wconf 88' lang='lat' dir='ltr'>vobis</span> 
     </span>
     <span class='ocr_line' id='line_1_6' title="bbox 365 925 1708 1026; baseline 0 -36"><span class='ocrx_word' id='word_1_36' title='bbox 365 957 462 1010; x_wconf 48' lang='lat' dir='ltr'>iiiam,</span> <span class='ocrx_word' id='word_1_37' title='bbox 483 945 522 1026; x_wconf 50' lang='grc' dir='ltr'>(ᾖ,</span> <span class='ocrx_word' id='word_1_38' title='bbox 546 959 619 1013; x_wconf 61' lang='lat'><strong>130„</strong></span> <span class='ocrx_word' id='word_1_39' title='bbox 1110 963 1145 977; x_wconf 94' lang='lat'><em>-</em></span> <span class='ocrx_word' id='word_1_40' title='bbox 1165 965 1199 976; x_wconf 91' lang='lat'><em>-</em></span> <span class='ocrx_word' id='word_1_41' title='bbox 1222 937 1365 990; x_wconf 88' lang='lat' dir='ltr'>-sancti</span> <span class='ocrx_word' id='word_1_42' title='bbox 1394 935 1571 991; x_wconf 87' lang='lat' dir='ltr'>Corbiniani.</span> <span class='ocrx_word' id='word_1_43' title='bbox 1591 925 1631 1006; x_wconf 72' lang='lat' dir='ltr'>(C.</span> <span class='ocrx_word' id='word_1_44' title='bbox 1652 939 1708 1000; x_wconf 86' lang='lat'>37).</span> 
     </span>
    </p>

    <p class='ocr_par' dir='ltr' id='par_1_4' title="bbox 1059 1025 1755 1186">
     <span class='ocr_line' id='line_1_7' title="bbox 1059 1025 1755 1080; baseline 0.001 -2"><span class='ocrx_word' id='word_1_45' title='bbox 1059 1025 1290 1079; x_wconf 83' lang='lat' dir='ltr'>veneracionem</span> <span class='ocrx_word' id='word_1_46' title='bbox 1317 1025 1364 1080; x_wconf 90' lang='lat' dir='ltr'>dei</span> <span class='ocrx_word' id='word_1_47' title='bbox 1391 1033 1421 1079; x_wconf 93' lang='lat' dir='ltr'>et</span> <span class='ocrx_word' id='word_1_48' title='bbox 1446 1032 1614 1080; x_wconf 89' lang='lat' dir='ltr'>sanctorum</span> <span class='ocrx_word' id='word_1_49' title='bbox 1639 1027 1702 1079; x_wconf 91' lang='lat' dir='ltr'>eius</span> <span class='ocrx_word' id='word_1_50' title='bbox 1723 1055 1755 1063; x_wconf 92' lang='lat'><em>-</em></span> 
     </span>
     <span class='ocr_line' id='line_1_8' title="bbox 1114 1106 1755 1186; baseline -0.003 -16"><span class='ocrx_word' id='word_1_51' title='bbox 1114 1145 1143 1154; x_wconf 88' lang='lat'>—-</span> <span class='ocrx_word' id='word_1_52' title='bbox 1176 1145 1196 1154; x_wconf 85' lang='lat'>-</span> <span class='ocrx_word' id='word_1_53' title='bbox 1218 1117 1408 1171; x_wconf 82' lang='lat' dir='ltr'>concedimus</span> <span class='ocrx_word' id='word_1_54' title='bbox 1426 1123 1458 1170; x_wconf 91' lang='lat' dir='ltr'>et</span> <span class='ocrx_word' id='word_1_55' title='bbox 1477 1118 1631 1172; x_wconf 83' lang='lat' dir='ltr'>donamus.</span> <span class='ocrx_word' id='word_1_56' title='bbox 1644 1106 1685 1186; x_wconf 74' lang='lat' dir='ltr'>(C.</span> <span class='ocrx_word' id='word_1_57' title='bbox 1699 1117 1755 1183; x_wconf 85' lang='grc'>36).</span> 
     </span>
    </p>

    <p class='ocr_par' dir='ltr' id='par_1_5' title="bbox 1058 1203 1757 1365">
     <span class='ocr_line' id='line_1_9' title="bbox 1058 1203 1757 1277; baseline -0.004 -17"><span class='ocrx_word' id='word_1_58' title='bbox 1058 1203 1125 1260; x_wconf 90' lang='lat' dir='ltr'>Vite</span> <span class='ocrx_word' id='word_1_59' title='bbox 1143 1205 1299 1274; x_wconf 85' lang='lat' dir='ltr'>perhennis</span> <span class='ocrx_word' id='word_1_60' title='bbox 1318 1205 1409 1277; x_wconf 80' lang='lat' dir='ltr'>gloria</span> <span class='ocrx_word' id='word_1_61' title='bbox 1428 1235 1462 1246; x_wconf 97' lang='lat'>-</span> <span class='ocrx_word' id='word_1_62' title='bbox 1484 1236 1514 1244; x_wconf 97' lang='lat'><em>-</em></span> <span class='ocrx_word' id='word_1_63' title='bbox 1536 1237 1569 1246; x_wconf 93' lang='lat'><em>-</em></span> <span class='ocrx_word' id='word_1_64' title='bbox 1588 1205 1757 1260; x_wconf 87' lang='lat' dir='ltr'>testimonio</span> 
     </span>
     <span class='ocr_line' id='line_1_10' title="bbox 1111 1283 1460 1365; baseline 0.009 -18"><span class='ocrx_word' id='word_1_65' title='bbox 1111 1295 1198 1350; x_wconf 90' lang='lat' dir='ltr'>huius</span> <span class='ocrx_word' id='word_1_66' title='bbox 1217 1296 1324 1364; x_wconf 85' lang='lat' dir='ltr'>scripti.</span> <span class='ocrx_word' id='word_1_67' title='bbox 1346 1283 1384 1362; x_wconf 74' lang='lat' dir='ltr'>(C.</span> <span class='ocrx_word' id='word_1_68' title='bbox 1406 1294 1460 1365; x_wconf 90' lang='grc'>20).</span> 
     </span>
    </p>

    <p class='ocr_par' dir='ltr' id='par_1_6' title="bbox 313 1383 1756 1631">
     <span class='ocr_line' id='line_1_11' title="bbox 313 1383 1756 1453; baseline -0.002 -15"><span class='ocrx_word' id='word_1_69' title='bbox 313 1383 461 1438; x_wconf 81' lang='lat' dir='ltr'>universis</span> <span class='ocrx_word' id='word_1_70' title='bbox 480 1383 563 1437; x_wconf 88' lang='lat' dir='ltr'>vobis</span> <span class='ocrx_word' id='word_1_71' title='bbox 581 1391 611 1435; x_wconf 89' lang='lat' dir='ltr'>et</span> <span class='ocrx_word' id='word_1_72' title='bbox 630 1383 748 1453; x_wconf 85' lang='lat' dir='ltr'>singulis</span> <span class='ocrx_word' id='word_1_73' title='bbox 761 1383 790 1436; x_wconf 95' lang='lat' dir='ltr'>in</span> <span class='ocrx_word' id='word_1_74' title='bbox 803 1383 910 1436; x_wconf 89' lang='lat' dir='ltr'>virtute</span> <span class='ocrx_word' id='word_1_75' title='bbox 935 1385 1004 1438; x_wconf 86' lang='lat' dir='ltr'>obe·</span> <span class='ocrx_word' id='word_1_76' title='bbox 1058 1383 1143 1438; x_wconf 89' lang='lat' dir='ltr'>Votis</span> <span class='ocrx_word' id='word_1_77' title='bbox 1162 1385 1345 1452; x_wconf 80' lang='lat' dir='ltr'>paternitatis</span> <span class='ocrx_word' id='word_1_78' title='bbox 1358 1393 1455 1439; x_wconf 87' lang='lat' dir='ltr'>vestre</span> <span class='ocrx_word' id='word_1_79' title='bbox 1470 1414 1503 1424; x_wconf 94' lang='lat'><em>-</em></span> <span class='ocrx_word' id='word_1_80' title='bbox 1520 1415 1550 1424; x_wconf 92' lang='lat'><em>-</em></span> <span class='ocrx_word' id='word_1_81' title='bbox 1568 1415 1596 1423; x_wconf 95' lang='lat'>-</span> <span class='ocrx_word' id='word_1_82' title='bbox 1612 1385 1756 1438; x_wconf 74' lang='lat' dir='ltr'>tradimus</span> 
     </span>
     <span class='ocr_line' id='line_1_12' title="bbox 365 1461 1447 1542; baseline 0.002 -18"><span class='ocrx_word' id='word_1_83' title='bbox 365 1472 477 1526; x_wconf 90' lang='lat' dir='ltr'>diencie</span> <span class='ocrx_word' id='word_1_84' title='bbox 508 1501 542 1512; x_wconf 89' lang='lat'>-</span> <span class='ocrx_word' id='word_1_85' title='bbox 578 1501 609 1511; x_wconf 97' lang='lat'>—</span> <span class='ocrx_word' id='word_1_86' title='bbox 639 1501 671 1510; x_wconf 95' lang='lat'><em>—</em></span> <span class='ocrx_word' id='word_1_87' title='bbox 708 1473 824 1526; x_wconf 81' lang='lat' dir='ltr'>solvere</span> <span class='ocrx_word' id='word_1_88' title='bbox 851 1473 1004 1540; x_wconf 87' lang='lat' dir='ltr'>oportebit.</span> <span class='ocrx_word' id='word_1_89' title='bbox 1112 1471 1288 1528; x_wconf 81' lang='lat' dir='ltr'>facultatem.</span> <span class='ocrx_word' id='word_1_90' title='bbox 1310 1461 1351 1540; x_wconf 75' lang='lat' dir='ltr'>(C.</span> <span class='ocrx_word' id='word_1_91' title='bbox 1376 1474 1447 1542; x_wconf 83' lang='lat'>155).</span> 
     </span>
     <span class='ocr_line' id='line_1_13' title="bbox 365 1551 477 1631; baseline 0.009 -19"><span class='ocrx_word' id='word_1_92' title='bbox 365 1551 403 1631; x_wconf 76' lang='lat' dir='ltr'>(c.</span> <span class='ocrx_word' id='word_1_93' title='bbox 425 1559 477 1631; x_wconf 68' lang='grc' dir='ltr'>σε).</span> 
     </span>
    </p>

    <p class='ocr_par' dir='ltr' id='par_1_7' title="bbox 311 1649 1755 1986">
     <span class='ocr_line' id='line_1_14' title="bbox 311 1649 1755 1718; baseline 0.001 -15"><span class='ocrx_word' id='word_1_94' title='bbox 311 1649 500 1705; x_wconf 89' lang='lat' dir='ltr'>Universitati</span> <span class='ocrx_word' id='word_1_95' title='bbox 519 1659 616 1706; x_wconf 85' lang='lat' dir='ltr'>vestre</span> <span class='ocrx_word' id='word_1_96' title='bbox 635 1649 756 1704; x_wconf 83' lang='lat' dir='ltr'>iacimus</span> <span class='ocrx_word' id='word_1_97' title='bbox 769 1657 872 1705; x_wconf 86' lang='lat' dir='ltr'>tenore</span> <span class='ocrx_word' id='word_1_98' title='bbox 889 1666 1005 1718; x_wconf 88' lang='lat' dir='ltr'>presen·</span> <span class='ocrx_word' id='word_1_99' title='bbox 1059 1654 1147 1708; x_wconf 81' lang='lat' dir='ltr'>zelus</span> <span class='ocrx_word' id='word_1_100' title='bbox 1172 1653 1278 1708; x_wconf 85' lang='lat' dir='ltr'>domus</span> <span class='ocrx_word' id='word_1_101' title='bbox 1296 1652 1407 1706; x_wconf 89' lang='lat' dir='ltr'>domini</span> <span class='ocrx_word' id='word_1_102' title='bbox 1426 1653 1518 1705; x_wconf 92' lang='lat' dir='ltr'>nostri</span> <span class='ocrx_word' id='word_1_103' title='bbox 1539 1680 1570 1690; x_wconf 90' lang='lat'>-</span> <span class='ocrx_word' id='word_1_104' title='bbox 1593 1680 1622 1690; x_wconf 93' lang='lat'>-</span> <span class='ocrx_word' id='word_1_105' title='bbox 1645 1667 1755 1704; x_wconf 92' lang='lat' dir='ltr'>—non</span> 
     </span>
     <span class='ocr_line' id='line_1_15' title="bbox 365 1731 1391 1810; baseline 0.003 -17"><span class='ocrx_word' id='word_1_106' title='bbox 365 1739 441 1794; x_wconf 91' lang='lat' dir='ltr'>cium</span> <span class='ocrx_word' id='word_1_107' title='bbox 469 1739 663 1802; x_wconf 79' lang='lat' dir='ltr'>manifestum,</span> <span class='ocrx_word' id='word_1_108' title='bbox 692 1741 773 1808; x_wconf 90' lang='lat' dir='ltr'>quod</span> <span class='ocrx_word' id='word_1_109' title='bbox 801 1755 854 1794; x_wconf 88' lang='lat' dir='ltr'>nos</span> <span class='ocrx_word' id='word_1_110' title='bbox 879 1740 917 1794; x_wconf 90' lang='lat' dir='ltr'>de</span> <span class='ocrx_word' id='word_1_111' title='bbox 935 1757 1004 1796; x_wconf 89' lang='lat' dir='ltr'>con·</span> <span class='ocrx_word' id='word_1_112' title='bbox 1113 1749 1237 1795; x_wconf 88' lang='lat' dir='ltr'>recuset.</span> <span class='ocrx_word' id='word_1_113' title='bbox 1257 1731 1296 1810; x_wconf 76' lang='lat' dir='ltr'>(C.</span> <span class='ocrx_word' id='word_1_114' title='bbox 1318 1743 1391 1807; x_wconf 76' lang='lat'>181).</span> 
     </span>
     <span class='ocr_line' id='line_1_16' title="bbox 365 1828 1755 1900; baseline 0 -19"><span class='ocrx_word' id='word_1_115' title='bbox 365 1843 453 1884; x_wconf 86' lang='lat' dir='ltr'>sensu</span> <span class='ocrx_word' id='word_1_116' title='bbox 472 1857 504 1868; x_wconf 95' lang='lat'><em>-</em></span> <span class='ocrx_word' id='word_1_117' title='bbox 529 1859 556 1866; x_wconf 87' lang='lat'>-</span> <span class='ocrx_word' id='word_1_118' title='bbox 582 1857 614 1868; x_wconf 92' lang='lat'>-</span> <span class='ocrx_word' id='word_1_119' title='bbox 641 1829 761 1900; x_wconf 84' lang='lat' dir='ltr'>singuiis</span> <span class='ocrx_word' id='word_1_120' title='bbox 789 1831 1004 1898; x_wconf 84' lang='lat' dir='ltr'>premissorum.</span> <span class='ocrx_word' id='word_1_121' title='bbox 1060 1830 1087 1884; x_wconf 90' lang='lat' dir='ltr'>Z.</span> <span class='ocrx_word' id='word_1_122' title='bbox 1108 1838 1246 1898; x_wconf 85' lang='lat' dir='ltr'>nepotem</span> <span class='ocrx_word' id='word_1_123' title='bbox 1272 1839 1405 1885; x_wconf 87' lang='lat' dir='ltr'>nostrum</span> <span class='ocrx_word' id='word_1_124' title='bbox 1431 1857 1464 1869; x_wconf 95' lang='lat'>·-</span> <span class='ocrx_word' id='word_1_125' title='bbox 1492 1858 1517 1868; x_wconf 84' lang='lat'>-</span> <span class='ocrx_word' id='word_1_126' title='bbox 1548 1828 1755 1898; x_wconf 78' lang='lat' dir='ltr'>—dignemini</span> 
     </span>
     <span class='ocr_line' id='line_1_17' title="bbox 366 1907 1415 1986; baseline 0.004 -17"><span class='ocrx_word' id='word_1_127' title='bbox 366 1907 406 1984; x_wconf 69' lang='lat' dir='ltr'>(C.</span> <span class='ocrx_word' id='word_1_128' title='bbox 427 1919 480 1986; x_wconf 86' lang='lat'>12).</span> <span class='ocrx_word' id='word_1_129' title='bbox 1113 1919 1262 1974; x_wconf 88' lang='lat' dir='ltr'>adhibere.</span> <span class='ocrx_word' id='word_1_130' title='bbox 1282 1909 1321 1983; x_wconf 76' lang='lat' dir='ltr'>(C.</span> <span class='ocrx_word' id='word_1_131' title='bbox 1344 1921 1415 1985; x_wconf 79' lang='lat'><strong>19⁴).</strong></span> 
     </span>
    </p>
   </div>
   <div class='ocr_carea' id='block_1_3' title="bbox 311 1062 1004 1221">
    <p class='ocr_par' dir='ltr' id='par_1_8' title="bbox 311 1062 1004 1221">
     <span class='ocr_line' id='line_1_18' title="bbox 311 1062 1004 1118; baseline 0 -2"><span class='ocrx_word' id='word_1_132' title='bbox 311 1062 498 1118; x_wconf 85' lang='lat' dir='ltr'>Transcursis</span> <span class='ocrx_word' id='word_1_133' title='bbox 535 1062 647 1116; x_wconf 84' lang='lat' dir='ltr'>fervide</span> <span class='ocrx_word' id='word_1_134' title='bbox 679 1063 839 1116; x_wconf 88' lang='lat' dir='ltr'>iuventutis</span> <span class='ocrx_word' id='word_1_135' title='bbox 867 1063 1004 1116; x_wconf 86' lang='lat' dir='ltr'>limitibus</span> 
     </span>
     <span class='ocr_line' id='line_1_19' title="bbox 347 1142 1004 1221; baseline 0.002 -16"><span class='ocrx_word' id='word_1_136' title='bbox 347 1181 381 1190; x_wconf 95' lang='lat'>-</span> <span class='ocrx_word' id='word_1_137' title='bbox 406 1181 432 1190; x_wconf 97' lang='lat'>-</span> <span class='ocrx_word' id='word_1_138' title='bbox 455 1151 644 1205; x_wconf 76' lang='lat' dir='ltr'>-noticiam</span> <span class='ocrx_word' id='word_1_139' title='bbox 665 1159 858 1220; x_wconf 88' lang='lat' dir='ltr'>posterorum.</span> <span class='ocrx_word' id='word_1_140' title='bbox 878 1142 917 1221; x_wconf 73' lang='lat' dir='ltr'>(C.</span> <span class='ocrx_word' id='word_1_141' title='bbox 931 1154 1004 1218; x_wconf 85' lang='lat'>250).</span> 
     </span>
    </p>
   </div>
   <div class='ocr_carea' id='block_1_4' title="bbox 0 0 1998 5844">
    <p class='ocr_par' dir='ltr' id='par_1_9' title="bbox 0 0 1998 5844">
     <span class='ocr_line' id='line_1_20' title="bbox 0 0 1998 5844; baseline 0 0"><span class='ocrx_word' id='word_1_142' title='bbox 0 0 1998 5844; x_wconf 95' lang='lat' dir='ltr'> </span> 
     </span>
    </p>
   </div>
  </div>
 </body>
</html>
