4008 5846
915 349 948 395 47

205 567 396 620 nostrorum
428 559 639 622 obstaculum
670 560 703 621 in
735 559 954 639 preiudicium
986 559 1254 624 molendinorum
1285 560 1410 622 domini
1443 561 1592 642 episcopi
1621 572 1654 624 et

204 665 332 727 domini
356 667 519 746 prepositi
544 665 715 748 Pragensis
738 677 864 730 temere
889 667 1043 746 protendi
1068 677 1101 730 et
1125 668 1272 730 construi
1289 666 1481 743 leceramus
1504 669 1593 731 unde
1610 671 1653 732 ab

205 771 264 834 hiis
288 791 362 849 nos,
386 792 452 854 que
476 772 577 835 deum
602 773 778 837 offendunt
801 783 836 837 et
859 774 1020 855 homines
1055 773 1231 838 salubriter
1254 774 1423 837 abstinere
1446 785 1480 837 et
1503 785 1653 839 avertere

204 879 386 959 cupientes,
410 899 478 942 non
501 881 539 956 vi,
564 899 633 944 non
657 881 737 944 dolo
761 881 895 958 inducti,
920 881 979 943 sed
1004 881 1108 944 libera
1132 890 1247 944 nostra
1272 890 1305 944 et
1329 891 1514 961 spontanea
1538 883 1652 945 volun-

202 995 269 1047 tate
302 987 528 1064 promittimus
558 987 625 1050 fide
657 988 745 1064 data,
780 989 871 1070 quod
896 989 1055 1069 deinceps
1079 989 1267 1052 nullatenus
1291 991 1566 1069 attemptabimus
1591 1009 1652 1053 nec

202 1095 394 1172 attemptari
418 1094 628 1174 aliquatenus
651 1093 821 1176 faciemus,
853 1095 945 1176 quod
970 1097 1181 1159 obstaculum
1206 1105 1239 1157 et
1262 1116 1324 1176 pro
1348 1096 1445 1159 nobis
1469 1107 1502 1160 et
1525 1097 1651 1160 molen-

204 1199 289 1261 dinis
314 1201 438 1262 nostris
462 1199 597 1282 aliquod
622 1201 679 1263 fiat
695 1202 728 1264 in
747 1203 968 1280 preiudicium
992 1203 1119 1264 domini
1144 1203 1291 1283 episcopi
1308 1210 1342 1264 et
1357 1203 1482 1267 domini
1499 1199 1650 1284 (Vlrici)¹²

202 1307 363 1386 prepositi
389 1307 562 1390 Pragensis
586 1310 855 1387 supradictorum
880 1309 1146 1372 molendinorum
1171 1330 1231 1389 per
1254 1329 1317 1372 nos
1340 1321 1373 1372 et
1396 1319 1530 1373 nostros
1549 1330 1649 1392 quos·

202 1413 282 1474 libet
305 1432 530 1478 successores.
557 1415 594 1478 ln
618 1419 712 1478 cuius
737 1418 784 1478 rei
808 1425 871 1478 etc.

306 1606 368 1661 Fol.
389 1609 414 1660 8⁴
434 1607 458 1660 ὅ.
478 1611 520 1670 51,
540 1607 585 1661 tei
610 1623 629 1660 v
647 1609 786 1676 rukopise
811 1608 942 1678 kapituly
971 1607 1095 1662 Praiske
1123 1605 1360 1677 140⁶l01.254'.
1389 1607 1574 1664 Odatovanl
1593 1625 1649 1663 srv.

202 1710 284 1763 pozn.
304 1695 349 1762 pii
369 1695 393 1750 ἕ.
414 1699 456 1748 49.

311 1803 333 1907 “)Ι
350 1821 387 1892 Ze
401 1838 456 1892 ade
467 1840 515 1909 jen
527 1839 643 1908 chybou
655 1839 810 1907 pisalovou
824 1837 865 1903 ,O
880 1838 1038 1894 zamdneno
1051 1855 1069 1892 v
1080 1839 1121 1902 ,L‘
1133 1855 1151 1892 a
1163 1839 1197 1892 le
1210 1840 1265 1893 ade
1276 1840 1325 1908 jde
1339 1856 1357 1893 ο
1370 1839 1493 1908 pievora
1509 1836 1647 1894 Konrada

203 1927 348 1997 dokazuje
360 1929 520 1982 souvislost
538 1928 643 1983 tohoto
654 1929 729 1982 kusu
739 1945 753 1982 s
763 1928 1006 1998 piedcbazejlcim
1018 1945 1035 1982 a
1048 1928 1105 1997 pak
1118 1929 1199 1984 slova
1212 1931 1273 1983 teto
1287 1929 1391 2000 listiny‚
1411 1927 1492 1998 quod
1510 1943 1552 1981 no
1561 1943 1588 1982 s.
1598 1967 1604 1980 .
1613 1971 1618 1980 .
1628 1968 1644 1992 .‚

202 2017 436 2071 obstaculum...
455 2015 633 2072 leceramus'.
672 2016 741 2072 Tito
766 2019 838 2079 ,nos‘
854 2018 921 2087 jsou
940 2018 1012 2071 vsalr
1029 2019 1077 2088 jen
1098 2016 1139 2079 ‚tt
1158 2018 1302 2087 magister,
1331 2016 1525 2072 Conradus
1545 2018 1649 2084 prior
1685 2021 1687 2028 '

201 2122 217 2158 a
234 2105 381 2173 lohannes
400 2107 534 2175 claviger*
553 2105 622 2161 cisia
641 2111 676 2161 49
694 2123 711 2160 a
730 2110 772 2162 50.

896 2501 949 2565 52.

199 2679 390 2742 Kiirlovm'ci
417 2679 540 2762 spitdlu
570 2700 616 2743 ευ.
649 2679 826 2744 Frantilka
857 2700 892 2742 se
915 2682 1080 2762 zavazuji,
1111 2684 1146 2742 z'e
1176 2681 1286 2762 upustl
1308 2679 1351 2742 od
1371 2681 1484 2761 stavby
1497 2682 1579 2763 jezu
1603 2702 1647 2743 na

869 2785 987 2850 Vltavl.

1254 2890 1537 2978 (1283-12903).

422 3001 477 3063 Ad
502 3001 592 3062 idem
616 3000 733 3064 iratres
756 3020 792 3062 se
816 3000 916 3064 iidem
941 3001 1097 3084 obligant.

306 3163 379 3225 Nos
391 3161 490 3224 frater
507 3211 513 3224 .
531 3157 555 3224 ,¹³
571 3173 633 3224 etc.
648 3163 883 3242 perspicaciter
904 3164 966 3242 <ut
978 3181 1077 3243 supra
1093 3167 1232 3238 cetera⁰‚
1250 3171 1326 3240 post
1339 3161 1509 3238 dicatum>
1529 3175 1645 3226 nostro

200 3283 232 3334 et
255 3273 405 3334 omnium
428 3289 659 3333 successorum
684 3278 874 3332 nostrorum
906 3273 1040 3332 nomine
1064 3269 1097 3329 in
1121 3267 1183 3330 hiis
1206 3269 1337 3345 scriptis
1361 3269 1587 3348 promittimus
1611 3280 1645 3333 et

201 3378 331 3456 publice
366 3385 599 3456 protestamur,
643 3377 736 3457 quod
775 3375 986 3440 obstaculum
1029 3375 1298 3438 molendinorum
1333 3385 1523 3439 nostrorum
1557 3377 1644 3440 ultra

200 3487 406 3566 superiorem
438 3494 568 3563 partem
600 3487 711 3564 pontis
742 3483 917 3565 Pragensis
947 3483 1136 3546 nullatenus
1167 3483 1388 3545 extendemus
1418 3502 1480 3546 nec
1505 3485 1643 3547 extendi

200 3591 264 3655 ullo
289 3611 447 3672 umquam
472 3601 625 3670 tempore
649 3588 818 3668 faciemus,
853 3593 1014 3672 quoniam
1046 3591 1111 3653 hoc
1135 3589 1263 3653 domini
1288 3590 1438 3670 episcopi
1462 3599 1496 3652 et
1520 3592 1644 3653 domini

198 3701 357 3778 prepositi
373 3700 546 3782 Pragensis
564 3697 764 3761 molendinis
781 3717 879 3780 grave
894 3697 1060 3761 videretur
1073 3695 1174 3759 affere
1186 3696 1407 3776 dispendium,
1424 3699 1642 3778 preiudicium

198 3815 231 3869 et
253 3811 425 3882 iacturam,
461 3816 495 3869 et
519 3813 656 3885 propter
680 3804 745 3868 hoc
769 3824 831 3867 nos
855 3805 898 3866 ab
921 3804 993 3880 hiis,
1029 3823 1094 3886 que
1118 3805 1150 3867 in
1174 3802 1319 3866 alienum
1343 3822 1477 3886 vergere
1501 3813 1643 3885 possunt

197 3914 426 3992 preiudicium,
461 3914 618 3994 precipue
654 3913 688 3974 in
720 3912 785 3974 hoc
809 3931 888 3975 casu
913 3913 945 3976 in
974 3919 1173 3992 perpetuum
1204 3909 1357 3973 volumus
1387 3913 1564 3975 abstinere.
1606 3912 1641 3974 ln

198 4022 290 4084 cuius
314 4023 360 4084 rei
385 4030 448 4084 etc.

301 4211 363 4266 Fol.
382 4211 408 4267 8¹
427 4212 451 4266 d.
471 4217 514 4276 52,
534 4212 578 4266 tel
598 4229 616 4265 v
635 4212 774 4279 rukopise
793 4209 923 4280 kapituly
943 4208 1066 4264 Pratske
1084 4209 1099 4278 J
1118 4206 1166 4262 40l
1185 4208 1232 4263 fol.
1252 4209 1321 4264 254'.
1363 4207 1546 4264 Odatovanl
1564 4225 1641 4264 srov.

197 4317 278 4369 poan.
299 4302 344 4370 pii
363 4301 388 4357 ἔ.
408 4307 451 4358 49.

196 5024 410 5036 ———

302 5085 330 5154 a)
349 5085 504 5154 Doplneno
523 5086 570 5142 dle
589 5083 663 5152 Kap.
676 5083 699 5152 J.
729 5112 761 5122 -
790 5081 820 5154 b)
840 5083 890 5146 ‚N.‘
910 5083 981 5152 Kap.
994 5081 1016 5151 J.
1046 5111 1078 5121 -
1109 5084 1136 5150 c)
1157 5080 1218 5136 Srv.
1238 5081 1357 5137 zacatelr
1383 5080 1638 5151 piedchazejlclho

197 5175 280 5242 blela;
300 5175 495 5240 ,attendentes
514 5183 655 5242 utsupra
673 5180 741 5242 post
759 5173 822 5226 dic‘.
841 5173 914 5242 Kap.
925 5172 948 5241 J.
