3988 5844
887 455 937 504 181

189 668 281 728 vobis
305 674 425 728 tenore
442 667 652 747 presencium
667 668 869 745 intimamus,
893 668 985 750 quod
1003 669 1114 732 divina
1138 670 1235 732 nobis
1252 669 1429 734 assistente
1454 671 1635 735 clemencia

191 773 288 854 plena
311 777 433 836 mentis
456 783 490 836 et
515 775 667 852 corporis
692 774 891 852 perfruimur
915 777 1079 856 sospitate
1102 787 1135 838 et
1160 777 1235 839 licet
1259 778 1301 840 de
1325 782 1443 841 vestris
1467 780 1636 858 prosperis

190 882 401 944 successibus
417 883 489 943 sine
504 881 748 944 intermissione
764 883 910 962 qualibet
925 884 1140 965 gaudeamus
1157 892 1280 962 tamen,
1298 905 1374 948 curn
1391 887 1511 948 vestris
1535 885 1636 947 literis

191 991 312 1051 nostris
336 989 471 1054 auribus
496 987 712 1067 inculcantur,
745 988 818 1069 plus
842 989 943 1053 solito
974 991 1189 1073 gratulamur.
1226 990 1328 1070 Quod
1353 1003 1465 1054 autem
1489 993 1635 1072 dampna

192 1115 229 1157 ac
252 1097 388 1158 iniurias
420 1095 518 1158 nobis
542 1093 649 1159 illatas
680 1097 880 1178 intercipere
911 1099 1083 1161 intenditis
1107 1101 1139 1160 in
1165 1103 1321 1178 proximo
1346 1100 1492 1162 adventu
1516 1110 1637 1178 vestr0,

192 1204 356 1265 maiestati
387 1212 495 1266 vestre
521 1205 609 1286 regie
641 1223 742 1284 quam
770 1205 950 1283 plurimum
977 1205 1189 1268 inclinamur·
1213 1204 1441 1288 (intimantes),
1475 1207 1565 1288 quod
1602 1209 1635 1269 in

191 1311 295 1392 Praga
326 1311 419 1374 iuxta
452 1330 575 1391 pueros
606 1321 744 1388 vestros,
777 1313 915 1376 eosdem
947 1313 1088 1376 fideliter
1118 1313 1283 1376 visitando
1314 1315 1409 1377 iuxta
1441 1315 1636 1378 mandatum

191 1436 250 1494 per
271 1437 333 1479 vos
356 1419 454 1480 nobis
477 1418 644 1496 traditum,
668 1419 785 1482 libenti
809 1421 921 1483 animo
944 1421 1100 1483 volumus
1123 1415 1325 1501 prestolari,b
1357 1441 1492 1501 semper
1515 1425 1547 1485 in
1573 1421 1636 1483 hiis

191 1544 230 1586 ac
253 1524 327 1586 aliis
349 1529 467 1588 vestris
492 1527 659 1588 mandatis
675 1537 778 1607 atque
794 1527 1011 1608 beneplacitis
1036 1548 1097 1607 pro
1112 1529 1237 1590 viribus
1262 1528 1521 1607 complacentes.
1542 1526 1634 1604 <Vel

191 1633 279 1708 sic:>
320 1629 357 1694 Si
381 1641 487 1695 status
513 1635 615 1696 vestri
638 1634 791 1714 qualitas,
826 1639 1057 1715 prosperitatis
1087 1636 1327 1716 sospitatisque
1363 1635 1461 1697 vestri
1486 1638 1637 1713 corporis

191 1739 336 1803 valitudo
361 1749 516 1803 votorum
532 1749 722 1803 nostrorum
740 1741 912 1805 desideriis
936 1763 971 1804 se
988 1743 1182 1818 conformat,
1206 1762 1252 1805 ex
1275 1762 1317 1804 eo
1334 1762 1434 1823 quam
1458 1743 1635 1822 plurimum

190 1848 419 1910 iocundamur.

299 2003 360 2058 Fol.
380 2007 414 2057 39
435 2003 458 2058 c.
472 2007 533 2064 238.
553 2005 598 2057 tei
617 2021 635 2057 v
649 2005 788 2072 rukopise
802 2007 932 2076 kapituly
947 2007 1070 2061 Praiskt
1089 2004 1163 2076 J40a
1183 2007 1229 2061 lol.
1243 2007 1311 2060 278¹.
1332 2006 1358 2062 O
1378 2006 1633 2076 chronologickem

191 2093 291 2147 ordeni
309 2093 376 2146 listu
396 2092 500 2147 tohoto
518 2109 593 2147 srov.
613 2095 692 2148 tivod
711 2094 779 2148 114.

876 2420 950 2484 239.

195 2559 316 2641 Jaky'si
337 2559 467 2622 alectria
489 2559 605 2643 slibuje
635 2562 923 2642 nejmenovane'mu
946 2562 1109 2636 vebodovi,
1140 2567 1176 2625 ae
1198 2562 1219 2623 k
1234 2560 1315 2644 jeliu
1338 2561 1479 2624 roakaau
1502 2562 1547 2624 dd
1570 2583 1637 2625 roa·

191 2667 272 2729 bor'it
300 2666 429 2729 laruda
454 2667 566 2750 deusd,
596 2673 633 2730 aa
657 2689 713 2731 mu
743 2669 825 2731 buda
850 2668 982 2750 poadlji
1012 2689 1071 2730 aas
1094 2669 1245 2732 dacoleno
1267 2671 1325 2751 J'ej
1351 2689 1457 2732 anovu
1480 2671 1635 2750 vystavlt.

1339 2809 1527 2892 (r—1296).

482 2953 569 3016 Baro
594 2953 637 3015 ad
662 2954 865 3032 peticionem
890 2955 984 3017 ducis
1008 2955 1149 3018 destruit
1172 2955 1348 3017 civitatem.

298 3096 589 3159 Excellentissimo
626 3105 660 3158 et
693 3097 871 3179 magnifico
908 3098 1045 3160 domino
1082 3117 1143 3161 suo
1169 3105 1223 3160 ..⁰
1259 3098 1374 3161 inclito
1410 3099 1486 3161 duci
1519 3098 1562 3160 de
1600 3146 1633 3160 ..

192 3204 232 3267 N.
257 3205 365 3267 dictus
390 3205 605 3267 ..devotum
630 3223 689 3268 sue
714 3206 944 3284 possibilitatis
968 3207 1168 3288 obsequium
1193 3213 1227 3268 et
1250 3205 1358 3268 fidele.
1384 3205 1636 3268 Dominacionis

190 3321 297 3374 vestre
321 3312 538 3391 beneplacitis
569 3332 631 3374 nos
655 3322 728 3374 toto
754 3332 853 3391 posse
878 3323 994 3375 nostro
1019 3323 1180 3393 coaptare
1204 3312 1362 3386 volentes,
1388 3311 1429 3374 H.
1456 3313 1634 3396 purgravio

191 3428 224 3481 et
247 3418 320 3480 aliis
352 3422 476 3482 nostris
509 3419 700 3482 hominibus
731 3421 763 3481 in
788 3420 844 3482 tali
869 3419 945 3482 loco
977 3421 1181 3483 iniunximus
1217 3440 1276 3502 per
1300 3429 1431 3481 nostras
1455 3419 1573 3495 literas,
1601 3431 1637 3481 nt

190 3525 250 3602 ipsi
275 3525 319 3587 ad
343 3525 541 3588 mandatum
558 3537 705 3588 vestrum
722 3527 913 3589 iamdictam
930 3529 1095 3590 civitatem
1113 3536 1263 3590 nostram
1289 3573 1319 3588 ..
1345 3527 1518 3590 destruant
1541 3529 1634 3589 iuxta

190 3642 299 3695 vestre
330 3632 543 3712 beneplacita
575 3634 766 3695 voluntatis.
805 3631 937 3698 Scimus
969 3654 1115 3716 namque
1147 3637 1310 3697 veraciter
1333 3645 1366 3696 et
1390 3637 1438 3696 sic
1463 3634 1504 3696 de
1528 3644 1637 3697 vestre

191 3739 409 3815 precellencie
433 3741 639 3822 benignitate
664 3742 872 3818 confidimus,
897 3743 989 3823 quod
1014 3744 1074 3806 nisi
1099 3751 1207 3804 vestra
1232 3751 1267 3804 et
1290 3751 1376 3804 terre
1400 3750 1508 3804 vestre
1532 3742 1636 3803 ardua

191 3849 373 3909 necessitas
397 3849 555 3931 exigeret,
587 3867 688 3929 quam
714 3850 810 3911 nobis
834 3851 997 3912 serenitas
1021 3858 1129 3912 vestra
1155 3851 1366 3912 innotescere
1389 3868 1456 3910 non
1482 3849 1638 3930 dignatur

190 3955 233 4017 ad
256 3974 396 4035 presens
420 3975 464 4016 ex
489 3975 591 4018 causa
615 3957 810 4018 racionabili
835 3969 868 4020 et
893 3959 1068 4038 condigna,
1094 3957 1363 4019 destruccionem
1388 3955 1539 4035 predicte
1564 3955 1635 4016 civi-

190 4064 266 4124 tatis
290 4071 404 4125 nostre
428 4062 498 4124 fieri
523 4063 711 4126 nullatenus
735 4067 905 4142 optaretis,
940 4069 1100 4146 quoniam
1125 4081 1187 4128 nos
1212 4065 1350 4126 honoris
1382 4063 1480 4125 vestri
1503 4081 1637 4142 semper

192 4176 348 4248 optamus
372 4180 599 4252 augmentum,
634 4171 677 4232 ad
704 4181 813 4234 vestra
849 4165 982 4250 'semper
1007 4172 1219 4252 beneplacita
1245 4171 1422 4251 preparati.
1463 4166 1636 4232 Civitatem

192 4284 303 4337 autem
335 4277 443 4355 ipsam
479 4278 607 4340 destrui
638 4277 778 4341 facimus
814 4280 857 4342 ad
882 4280 1076 4342 mandatum
1112 4278 1333 4359 precellencie
1368 4287 1485 4354 vestre,
1520 4278 1634 4340 confisi

192 4401 289 4462 quarn
314 4382 493 4462 plurimum
518 4385 561 4446 de
586 4387 753 4467 promisso
778 4387 1023 4449 dominacionis
1048 4396 1166 4462 vestre,
1192 4387 1285 4466 quod
1310 4388 1342 4448 in
1366 4386 1483 4447 vestris
1506 4386 1549 4447 ad
1574 4403 1637 4446 nos

190 4491 324 4552 directis
355 4490 459 4552 literis
490 4495 687 4566 continetur,
722 4495 813 4575 quod
849 4494 1003 4557 videlicet
1027 4505 1104 4574 post
1127 4514 1193 4556 non
1218 4494 1329 4576 magni
1353 4494 1513 4573 temporis
1537 4493 1636 4554 inter·

190 4598 308 4661 vallum
341 4597 525 4662 reedificari
559 4595 774 4677 permittetis<¹
800 4612 832 4663 et
856 4601 985 4663 facietis
1007 4601 1159 4678 eandem,
1189 4602 1274 4663 sicut
1297 4609 1440 4662 vestram
1473 4601 1637 4662 condecet

191 4705 401 4767 honestatem
434 4707 477 4768 ad
502 4716 610 4769 vestre
643 4708 848 4770 celsitudinis
879 4708 1020 4791 gloriam
1054 4718 1088 4770 et
1112 4708 1286 4770 bonorem.
1328 4705 1379 4770 Ad
1404 4706 1469 4768 hoc
1494 4707 1637 4786 petimus

191 4811 356 4874 humiliter
380 4822 413 4873 et
437 4813 567 4890 devote,
592 4823 756 4895 quatenus
782 4813 838 4876 ΗΞ
870 4816 1046 4898 purgravio
1071 4825 1105 4878 et
1128 4814 1200 4878 aliis
1225 4814 1360 4894 prefatis
1384 4816 1508 4877 nostris
1532 4813 1635 4875 homi·

189 4920 288 4983 nibus
311 4919 493 4982 clementer
529 4920 702 5002 indulgere
735 4923 923 5004 dignemini,
954 4933 1063 4985 vestre
1094 4942 1154 4986 eos
1185 4923 1296 5005 gracie
1328 4933 1361 4984 et
1384 4920 1505 4984 favoris
1536 4921 1636 4981 vestri

196 5052 402 5060 —-.———

296 5113 324 5180 a)
343 5112 531 5174 ,inclinamus‘
551 5112 600 5172 ln..
614 5113 795 5174 ,intimamus
816 5113 890 5182 Kap.
904 5114 927 5183 l.
953 5142 985 5153 -
1006 5113 1036 5182 b)
1054 5115 1213 5184 ,postulari⁸
1228 5113 1277 5178 ln,
1291 5115 1459 5183 ‚prestolari¹
1479 5113 1552 5182 Kap.
1565 5112 1587 5182 J.
1601 5142 1634 5151 —

189 5203 216 5269 c)
236 5200 289 5263 ,W¹
316 5201 388 5269 Kap.
408 5201 431 5271 J.
466 5231 496 5238 --
530 5200 560 5270 d)
575 5201 725 5264 ,redificari
754 5211 798 5258 sat
823 5204 1004 5271 permittatis·
1032 5203 1081 5266 ln,
1109 5203 1278 5270 ,reedificari
1307 5204 1488 5272 permittetis‘
1516 5203 1571 5257 Mn.
1601 5232 1633 5241 -

189 5291 217 5356 e)
237 5289 340 5345 Schazl
358 5307 377 5343 v
397 5289 468 5360 Kap.
481 5291 503 5360 J.
